5338 5544
1251 1627 1702 1760 ermenero.
1823 1665 1831 1684 ·

1394 1954 1556 1976 ⁴-

679 2195 904 2318 Receatioris
935 2245 1085 2312 civitatum
1108 2245 1331 2333 Europaearum
1361 2244 1491 2313 historiae
1522 2245 1656 2314 subsidia
1687 2245 1851 2312 certissima
1882 2247 2070 2340 maximeque
2102 2256 2286 2324 necessaria

680 2376 851 2468 diplomatis
882 2373 1050 2463 litterisque
1080 2370 1207 2461 publicis
1237 2369 1409 2457 contineri,
1444 2396 1504 2441 non
1534 2375 1593 2441 hoo
1622 2374 1744 2440 demum
1775 2375 1908 2462 saeculo,
1944 2374 1999 2442 sed
2024 2375 2087 2464 jam
2112 2383 2285 2471 superiore

681 2507 753 2598 satis
777 2509 970 2594 perspectum
996 2512 1055 2568 est.
1102 2499 1159 2566 llis
1184 2499 1264 2566 enim
1290 2487 1396 2566 litteris
1420 2501 1590 2592 chartisque
1609 2524 1670 2568 non
1688 2499 1786 2570 solum
1805 2524 1928 2589 corum,
1953 2525 2021 2593 quaa
2039 2503 2161 2595 publice
2180 2531 2285 2580 max-

680 2634 745 2700 imis
777 2632 807 2698 in
837 2628 930 2696 rebus
962 2637 1028 2696 aeta
1058 2636 1205 2718 gestaque
1236 2637 1332 2715 sunt,
1369 2649 1438 2695 vera
1466 2629 1700 2719 incorruptasque
1731 2629 1876 2696 memoria
1900 2641 2115 2722 conservatur,
2154 2637 2213 2704 sad
2242 2641 2288 2708 ad

680 2782 800 2828 omnem
831 2779 926 2848 prope
951 2756 1125 2823 interiorem
1149 2757 1333 2846 populorum
1359 2754 1586 2843 condicionem,
1624 2755 1752 2824 advitae
1777 2756 1898 2846 privatae
1923 2759 2071 2849 lormam,
2107 2762 2147 2830 ad
2170 2787 2288 2837 mores
2413 2807 2416 2814 ·

628 2919 629 2924 ¹
679 2889 931 2978 ingeniorumque
960 2885 1076 2950 cultum
1105 2882 1353 2972 cognoscendum
1369 2885 1500 2968 ¹materia
1524 2907 1585 2950 norr
1609 2883 1709 2950 minus
1734 2885 1854 2975 copiosa
1878 2908 1933 2954 nec
1956 2888 2071 2956 minore
2096 2888 2156 2956 lide
2182 2893 2287 2982 digna

679 3039 717 3084 ex
746 2991 998 3105 praestantissimis
1029 3011 1086 3078 illis
1116 3033 1172 3078 nee
1200 3033 1336 3101 unquam
1367 3011 1519 3081 fallacibus
1548 3011 1680 3080 historiae
1703 3013 1888 3081 documentis
1912 3016 2153 3108 testimoniisque
2183 3022 2286 3090 oolli-

679 3145 770 3233 gitur.
819 3143 926 3231 ltaque
950 3161 987 3208 ex
1012 3161 1073 3230 quo
1098 3109 1236 3228 tempore
1261 3137 1395 3206 subsidia
1420 3141 1595 3208 recentioris
1620 3139 1750 3208 historie
1774 3163 1865 3208 manu
1882 3135 2008 3232 scripta,
2033 3165 2166 3235 quorum
2186 3152 2286 3240 copia

681 3241 716 3340 et
742 3268 908 3360 amplitudo
938 3267 1033 3334 indies
1065 3264 1244 3353 crescebat,
1283 3275 1368 3332 certo
1400 3267 1522 3334 oonsilio
1554 3251 1760 3358 accuratisque
1790 3267 1894 3336 studiis
1925 3270 1967 3336 sic
1991 3271 2088 3360 colligi
2113 3273 2288 3368 digerique

593 3462 596 3478 ,
680 3408 787 3487 coepta
818 3404 911 3482 sunt,
948 3403 982 3462 ut
1013 3417 1048 3461 ea
1073 3393 1102 3460 in
1127 3363 1233 3482 vulgus
1259 3393 1339 3462 edita
1365 3394 1482 3462 aditure
1506 3395 1656 3485 patefacto
1679 3396 1845 3486 uteodiqae
1869 3405 2018 3485 potestate
2044 3398 2112 3466 data
2136 3375 2288 3476 omnium

679 3524 841 3615 cognitioni
873 3531 1118 3612 exponerentur,
1155 3544 1217 3612 quo
1251 3522 1365 3589 facilius
1394 3513 1493 3589 multis
1524 3523 1554 3588 in
1585 3522 1719 3612 partibus
1753 3545 1856 3590 rerum
1886 3533 2040 3611 gestamm
2068 3530 2203 3598 narratio
2224 3537 2289 3615 ,ad

679 3653 812 3721 veritatis
836 3652 937 3739 legem
962 3651 1062 3728 critica
1089 3660 1153 3718 arte
1179 3651 1364 3740 exigeretur,
1389 3651 1522 3738 protinus
1547 3651 1730 3718 intellectum
1749 3659 1808 3736 est,
1833 3671 1893 3716 non
1911 3651 2082 3740 satisesse,
2107 3655 2284 3746 diplomata

681 3783 856 3869 litterasque
888 3775 1022 3868 publicas
1054 3777 1189 3867 disperse
1218 3801 1274 3868 per
1304 3776 1403 3844 varios
1433 3777 1525 3845 libros
1549 3777 1826 3867 commentariaque
1851 3777 1879 3844 in
1904 3778 2002 3846 lucem
2025 3785 2177 3874 protrahi,
2219 3791 2287 3858 sed
2416 3867 2420 3878 ,

680 3919 711 3977 et
734 3909 859 3976 collecta
885 3928 920 3973 ea
944 3915 1035 3997 atque
1060 3906 1089 3972 in
1116 3904 1264 3996 quosdam
1288 3904 1376 3995 quasi
1401 3904 1556 3974 thesauros
1586 3913 1731 3993 congesta
1763 3903 1921 3994 diligenter
1950 3905 1999 3972 edi
2032 3908 2145 3978 debere
2179 3926 2213 3982 et
2245 3918 2285 3988 id

680 4035 830 4126 agendum
851 4056 930 4121 esse,
955 4042 1014 4122 ut,
1027 4033 1078 4124 qui
1103 4032 1133 4098 in
1159 4032 1282 4100 historia
1307 4030 1506 4122 perquirenda
1531 4030 1749 4120 condendaque
1775 4029 1976 4116 elaborarent,
2002 4027 2109 4136 saltem
2134 4041 2286 4116 scireset

679 4159 945 4254 circumspiciendo
970 4160 1225 4250 comprehendere
1250 4168 1393 4252 possent,
1423 4160 1494 4250 quid
1517 4171 1722 4252 quantumque
1741 4159 1806 4246 jam
1829 4158 2023 4250 diplomatum
2048 4164 2163 4234 editum
2188 4187 2287 4246 esset

680 4313 809 4382 quaeque
832 4291 867 4357 iis
892 4289 1128 4358 continerentur.
1179 4271 1210 4356 Si
1235 4290 1302 4380 quis
1328 4288 1376 4355 rel
1401 4288 1504 4356 leviter
1527 4287 1707 4373 attenderit,
1745 4287 1868 4376 singulis
1892 4311 1986 4380 propa
2011 4291 2094 4358 annis
2118 4295 2284 4383 majorem

680 4419 837 4510 provenire
861 4441 968 4486 eorum
992 4417 1139 4485 librorum
1163 4437 1336 4502 numerum,
1362 4437 1437 4505 quos
1462 4419 1512 4507 qui
1537 4415 1639 4503 edant,
1665 4413 1695 4480 id
1719 4413 1776 4482 sibi
1799 4418 2020 4508 proposuerint,
2045 4429 2080 4486 ut
2103 4419 2284 4511 diplomata

680 4547 855 4636 litterasque
885 4555 916 4614 et
945 4546 1064 4636 publica
1092 4553 1159 4612 acta
1189 4543 1226 4610 ed
1255 4552 1408 4610 certorum
1432 4565 1618 4633 regnomm,
1656 4541 1874 4632 provinciarum
1897 4547 2083 4614 minoremve
2106 4551 2283 4638 regionum

678 4674 837 4742 urbiumve
868 4674 1022 4741 historiam
1050 4673 1230 4762 pertinentia
1254 4673 1332 4762 typis
1357 4671 1546 4760 exscribant,
1584 4671 1670 4739 laeile
1695 4672 1873 4762 apparebit,
1911 4673 2113 4742 difficillimum
2138 4699 2211 4749 esse
2243 4711 2284 4758 ac

679 4824 758 4892 saepe
788 4823 827 4868 ne
859 4799 925 4868 fieri
954 4801 1075 4892 quidem
1108 4823 1215 4892 posse,
1252 4809 1286 4868 ut
1317 4799 1423 4890 aliquis
1452 4801 1481 4868 in
1507 4803 1574 4870 loco
1598 4801 1697 4890 aliquo
1722 4800 1852 4867 historiae
1875 4799 2030 4868 tractando
2053 4803 2198 4876 omnihus
2228 4815 2283 4886 his

680 4929 774 5016 libris,
800 4927 909 5020 quihus
934 4927 1095 5020 diplomata
1119 4929 1340 5018 contineantur,
1366 4927 1436 5018 ipsis
1455 4939 1567 4998 utatur.
1616 4927 1801 4996 Perlustrato
1822 4928 1915 4996 indice
1935 4927 2104 5016 hujusmodi
2124 4956 2281 5035 operum,
