5338 5544
797 337 896 410 XVI
1423 347 1660 442 mnne.

750 553 837 634 parte
868 541 1001 610 nonnihil
1027 528 1185 614 ‘mutatum
1215 537 1268 625 iri,
1305 559 1369 606 non
1390 537 1520 606 manum
1543 539 1602 608 erit
1634 537 1726 632 paulo
1749 517 1913 606 dhdnetim
1937 534 2096 624 indicare,
2142 531 2247 626 quid
2281 527 2432 598 nmmo

754 673 785 738 iu
815 669 903 759 hujus
934 667 1094 736 voluminis
1124 665 1252 734 materia
1277 663 1409 734 liniendo
1431 663 1658 762 ordinandoque
1682 663 1769 758 sequi
1793 673 1825 732 ot
1847 663 2011 734 ohservare
2036 663 2284 756 propositum
2315 657 2430 728 lund.

939 795 1107 866 Consilium
1132 793 1256 860 omnino
1283 793 1359 878 luit,
1393 803 1427 860 ut
1446 793 1510 882 jam
1534 791 1685 884 diximus,
1722 793 1810 884 plene
1833 811 2018 880 recensere,
2055 809 2305 886 quaecamque
2325 785 2432 868 libris

751 925 828 1018 typis
859 923 1015 1013 exscriptis
1043 921 1273 1004 continerentur
1298 920 1477 1012 diplomata,
1513 921 1639 1010 litteras,
1676 929 1759 1008 arta,
1795 917 1914 1010 publica
1937 919 2147 1012 privataque,
2198 915 2429 1004 domenum,

751 1061 892 1138 externa,
925 1071 993 1140 quae
1018 1048 1125 1116 Daniae
1150 1048 1307 1114 historiam
1333 1057 1364 1116 et
1385 1069 1434 1114 res
1457 1049 1617 1116 Dauomm
1640 1048 1837 1138 hominesque
1859 1047 1963 1116 Danaa
1987 1045 2220 1138 attingerent.
2290 1045 2337 1114 ln
2366 1065 2431 1136 qao

751 1189 854 1247 tamen
878 1176 1044 1250 tenendum
1070 1184 1129 1261 est,
1155 1175 1180 1241 si
1205 1175 1259 1266 qui
1284 1175 1419 1242 homines
1436 1175 1517 1242 Daui
1541 1174 1668 1266 patriam
1691 1173 1755 1242 aliis
1780 1173 1869 1242 terris
1892 1173 1935 1242 sie
1957 1174 2201 1266 permutatim,-
2233 1181 2286 1242 ut
2308 1181 2429 1264 poster

752 1307 824 1375 nihil
848 1307 894 1372 rei
918 1328 986 1372 cum
1010 1276 1110 1370 Dania
1134 1301 1301 1392 haherent,
1334 1302 1373 1370 ab
1396 1303 1443 1370 illo
1466 1313 1625 1394 tempore,
1651 1323 1711 1392 quo
1736 1301 1794 1368 hoo
1817 1301 1928 1370 lactum
1952 1301 2007 1392 sit,
2033 1324 2092 1392 pro
2120 1301 2257 1370 Darnis
2292 1299 2430 1390 habitos

752 1458 814 1501 non
845 1457 937 1532 esse,
976 1432 1058 1498 velut
1083 1430 1282 1519 lugiburgem
1306 1429 1491 1522 principem,
1527 1453 1622 1523 quum
1647 1418 1760 1498 Galliae'
1775 1429 1878 1520 regina
1901 1429 2001 1520 laeta,
2039 1429 2255 1518 Caralim,
2304 1431 2429 1502 &nuo

753 1561 856 1630 Sancti
880 1561 997 1648 filium,
1028 1579 1122 1650 quum
1145 1556 1297 1624 Flandn'ae
1324 1557 1382 1624 dua
1404 1555 1546 1647 oreatus,
1578 1555 1798 1644 Valdemams,
1830 1557 1986 1650 episeopus
2012 1558 2289 1647 steovicensis,
2319 1582 2428 1652 quum

753 1687 996 1780 archiepiscopus
1020 1686 1194 1753 Bremensis
1221 1686 1338 1752 electus
1364 1685 1412 1752 sit.

943 1781 1095 1894 Quoniam
1124 1814 1316 1914 propositum
1349 1822 1416 1879 erat
1444 1813 1574 1882 subsidia
1603 1811 1794 1903 diplomatica
1821 1813 1899 1904 typis
1927 1813 2048 1904 vulgata
2072 1813 2249 1886 historiae
2279 1819 2427 1888 Danioe

755 1941 821 2032 ejus
846 1941 1004 2032 temporis,
1031 1943 1068 2008 ud
1093 1941 1176 2032 quod
1200 1941 1259 2009 hoo
1284 1941 1426 2008 volumen
1444 1939 1603 2030 siugulaeve
1623 1939 1690 2030 ejus
1708 1949 1809 2032 partes
1828 1942 2025 2034 pertinerent,
2050 1942 2153 2040 plene
2178 1967 2426 2038 enumerare,

754 2071 952 2163 sequebatur,
978 2079 1013 2137 ut
1037 2071 1071 2136 iis
1097 2068 1220 2156 sinibus,
1246 2069 1299 2160 qui
1318 2077 1595 2158 quoqnetempore
1615 2068 1743 2136 luissent
1759 2067 1874 2160 imperii
1893 2071 2010 2158 Dauini,
2036 2073 2184 2142 materia
2211 2087 2426 2168 regeretur.

752 2200 794 2266 Hi
823 2198 917 2287 igitur
947 2197 1023 2264 fines
1056 2220 1115 2264 non
1145 2197 1243 2263 solum
1275 2194 1419 2262 ducatum
1443 2196 1659 2264 Slesvioeusem
1683 2195 1957 2288 comprehendant,
1995 2199 2065 2292 qai,
2101 2223 2145 2270 ex
2178 2225 2270 2296 quo
2301 2209 2426 2278 Damius

754 2349 849 2394 unum
873 2347 1003 2414 reguum
1029 2323 1181 2392 conditum
1207 2332 1270 2411 est,
1302 2321 1370 2410 ejus
1397 2343 1462 2411 pars
1486 2334 1538 2391 aut
1561 2323 1720 2414 provincia
1743 2332 1795 2391 aut
1818 2322 1899 2391 leudi
1923 2324 1990 2393 loco
2014 2325 2089 2420 luit,
2123 2330 2197 2398 sed
2232 2337 2360 2406 etium
2386 2337 2426 2404 ad

755 2478 782 2522 a.
814 2454 905 2524 1658
931 2451 1087 2540 Sennium,
1124 2450 1333 2538 Hellandiam,
1364 2449 1563 2542 Blekingiam,
1594 2453 1722 2520 insulam
1748 2463 1848 2520 autem
1873 2452 2004 2520 Gulland
2026 2453 2066 2522 nd
2091 2477 2123 2524 a.
2157 2456 2313 2554 1645,
2355 2476 2427 2536 tum

755 2608 826 2653 vero
858 2583 946 2650 iutra,
964 2589 1046 2647 certa
1067 2587 1248 2700 ¹tempomm
1272 2577 1369 2668 spatia
1389 2577 1656 2670 Nordalhingiam,
1692 2577 1924 2667 Pomemniam,
1960 2581 2146 2676 manniam,
2194 2590 2427 2666 Esthouiffl

754 2711 889 2802 aliasque
921 2717 1035 2795 terras,
1073 2728 1141 2797 quae
1173 2703 1356 2796 aliquamdiu
1388 2713 1441 2772 aut
1469 2728 1620 2776 armorum
1646 2706 1717 2795 jure
1742 2715 1793 2774 aut
1817 2707 1875 2774 alio
1899 2708 2021 2776 nomine
2045 2709 2192 2802 imperio
2220 2720 2428 2794 Danum

755 2845 933 2931 paruerunt,
959 2835 984 2902 ai
1009 2833 1132 2926 quidem
1157 2832 1246 2922 hujus
1271 2831 1489 2920 conjunctionis
1513 2835 1636 2924 vestigia
1661 2835 1691 2902 in
1716 2833 1884 2926 diplomatis
1912 2834 1950 2902 ad
1967 2835 2042 2904 illud
2058 2845 2234 2934 temporis
2264 2853 2428 2943 spatium

757 2962 979 3058 pertinentibus
1009 2971 1181 3051 supersunt.
1236 2957 1286 3029 Ad
1309 2960 1491 3046 Nonagiun
1515 2963 1597 3056 quod
1621 2963 1745 3051 attinet,
1775 2972 1811 3030 ut
1833 2955 1998 3031 absurdum¹
2022 2976 2107 3036 esset
2133 2969 2357 3064 diplomata
2386 2981 2428 3050 ad

756 3095 814 3178 hoo
844 3113 973 3181 regnum
1004 3089 1201 3180 pertinentia,
1238 3110 1307 3180 quaa
1336 3109 1417 3153 anno
1446 3085 1532 3158 1397
1548 3092 1731 3202 'antiquiora
1760 3099 1846 3180 sunt,
1883 3090 2057 3182 inregesta
2080 3096 2220 3170 Danica
2254 3061 2425 3202 reterre,

756 3223 799 3287 ita
823 3217 860 3286 ab
885 3219 936 3285 illo
961 3240 1058 3306 anno,
1085 3239 1145 3307 quo
1170 3225 1335 3308 utrumque
1360 3237 1488 3304 reguum
1515 3218 1552 3287 ah
1576 3242 1639 3286 uno
1662 3219 1729 3308 regi
1754 3228 1893 3310 coeptum
1918 3227 1980 3308 ast,
2005 3220 2180 3312 diplomata
2203 3233 2428 3332 Non-agie,

758 3345 906 3436 ejusmodi
931 3367 1103 3412 necessario
1128 3344 1156 3410 in
1182 3345 1240 3412 hoe
1265 3367 1342 3436 opus
1368 3339 1538 3432 recipienda
1556 3347 1689 3435 luemnt,
1716 3368 1784 3438 quae
1808 3356 1861 3414 aut
1879 3345 1916 3414 ad
1934 3347 2029 3436 ipsam
2047 3350 2162 3420 Denta
2183 3359 2426 3462 Norvegiae-

627 3497 631 3512 ¹
755 3497 817 3567 que
850 3473 1092 3561 conjunctionem
1122 3474 1308 3562 pertinerent
1333 3482 1367 3540 et
1391 3471 1430 3538 ad
1453 3495 1502 3540 res
1526 3475 1644 3566 utrique
1667 3498 1762 3564 regno
1788 3495 1961 3574 communes
1982 3485 2034 3544 aut
2056 3476 2096 3546 ab
2122 3480 2163 3556 iis
2194 3485 2426 3570 hminum³

758 3603 829 3672 data
848 3610 952 3668 essent
972 3599 1047 3668 deve
1067 3601 1103 3667 iis
1122 3611 1258 3690 agerent,
1283 3601 1335 3694 qui
1354 3608 1407 3666 aut
1426 3611 1547 3691 propter
1564 3625 1660 3692 genus
1680 3613 1712 3671 et
1730 3603 1878 3692 originem
1895 3611 1946 3670 aut
1964 3613 2090 3694 propter
2102 3619 2424 3698 oonsociationem

758 3753 827 3846 eum
851 3729 949 3797 Dnuia
978 3729 1164 3820 regibusque
1189 3729 1284 3798 Danis
1308 3728 1366 3820 ipsi
1390 3729 1470 3794 Dani
1493 3731 1618 3801 habendi
1643 3743 1757 3802 essent.
1810 3732 1918 3821 Neque
1942 3730 2039 3800 minus
2064 3735 2212 3810 eandem
2246 3771 2425 3828 nou-mm

757 3855 955 3952 sequentibus
978 3855 1160 3947 recipienda
1184 3860 1307 3926 luemnt
1331 3856 1441 3923 littera
1465 3857 1589 3946 publicae
1613 3886 1630 3930 a
1655 3861 1778 3952 regibus
1797 3857 1890 3927 Danis
1915 3855 2003 3946 datm,
2029 3861 2151 3932 etiamsi
2174 3891 2246 3942 eas
2274 3889 2426 3958 tuntum

617 4028 621 4036 ·
757 3971 914 4076 Noruagiae
942 3989 1030 4074 regni
1060 3964 1181 4052 nomine
1214 3985 1298 4054 datas
1324 4005 1394 4052 esse
1420 3987 1591 4074 apparebat.
1652 3989 1770 4058 Eadem
1795 3985 1924 4076 deniquo
1948 3987 2025 4052 ratio
2049 4000 2117 4058 erat
2143 3994 2376 4086 litterarum
2404 4040 2422 4084 ῃ

757 4115 880 4203 regibus
900 4114 1007 4202 Danis,
1034 4113 1097 4204 qui,
1121 4115 1223 4202 regnis
1240 4111 1422 4200 conjunctis,
1448 4113 1557 4184 Sreciae
1582 4119 1779 4210 imperarunt,
1805 4113 1834 4180 in
1859 4111 1964 4180 Svecia
1988 4113 2138 4188 edituum
2166 4140 2239 4198 aut
2274 4143 2333 4210 ad
2364 4169 2426 4216 eo,

759 4241 981 4331 pertinentium.
1031 4241 1141 4332 quue
1165 4241 1259 4330 magis
1284 4239 1315 4307 id
1340 4238 1411 4306 fieri
1433 4237 1572 4335 debehat,
1598 4247 1680 4338 quod
1704 4247 1752 4312 ha
1776 4241 1884 4308 littera
1903 4239 2053 4330 pertinent
2072 4245 2111 4314 ad
2130 4233 2428 4364 declarandum,

758 4367 869 4459 quibus
901 4369 975 4435 loeis
1005 4392 1095 4459 rages
1119 4392 1241 4462 quoque
1267 4379 1408 4460 tempore
1434 4377 1604 4444 commomti
1629 4375 1700 4444 sint.
1750 4371 1784 4438 ln
1809 4367 1976 4460 diplomatis
2002 4368 2175 4464 litterisque
2208 4386 2425 4474 Holsaticis

703 4563 707 4570 ,
759 4495 797 4563 ab
822 4517 850 4564 a.
879 4491 970 4566 1459
995 4495 1120 4586 eadem,
1147 4495 1251 4589 quoad
1273 4495 1340 4562 fiori
1359 4496 1474 4588 potuit,
1498 4504 1603 4591 regula
1627 4509 1745 4570 servata
1770 4505 1833 4583 est,
1859 4517 1925 4587 qua
1950 4493 1980 4560 iu
2004 4497 2205 4589 Noraegiois.

949 4623 1035 4693 Ordo
1066 4625 1233 4693 litterarum
1263 4625 1522 4718 diplomatumque
1554 4631 1596 4698 sio
1625 4626 1665 4696 ad
1696 4637 1866 4715 tempomm
1891 4623 2000 4690 sariam
2023 4615 2319 4723 accommodatus
2354 4673 2421 4756 ρει,

759 4761 794 4821 ut
817 4772 941 4844 quoque
966 4775 1043 4822 anno
1067 4776 1113 4822 eae
1137 4755 1257 4843 litterae,
1283 4777 1352 4845 quaa
1372 4751 1442 4842 diei,
1468 4776 1527 4846 quo
1544 4757 1621 4826 datan
1638 4756 1709 4842 sint,
1737 4764 1837 4820 uolam
1856 4748 1978 4838 habent,
2003 4754 2156 4827 mensium
2178 4765 2421 4884 dierumque
