4298 5546
375 573 380 586 .
412 480 501 580 Ι286
779 513 782 522 ·
904 561 911 582 ⁸
940 477 1051 550 Koxe
1074 478 1285 549 Vonnamon
1310 475 1525 550 ,brennone

289 719 376 782 135⁷.

124 861 126 865 ,
250 821 292 870 28.
309 820 412 886 Aprilis.

237 1420 279 1469 2³.
293 1417 412 1487 Augusti.

263 1713 288 1762 3.
313 1711 402 1762 Deebr.

290 2188 376 2248 1358.

239 2311 280 2360 20.
302 2314 407 2360 danunt.

615 727 729 799 [aloa]
771 711 943 784 Transactis
968 725 1040 784 inter
1066 726 1210 786 Mnoo'ou
1237 727 1363 796 Svcciae,
1393 723 1546 801 Norvegiae
1575 731 1607 784 et
1635 723 1774 783 Scaniae
1808 737 1942 798 regern
1974 733 2016 774 ae
2043 713 2117 774 blm

428 829 494 906 ejus
513 826 652 908 Enrcnrs,
683 825 738 885 sub
758 827 903 904 auspiciis
928 823 1037 883 Alberti
1062 827 1146 885 ducis
1171 825 1409 906 Magnopolensis
1433 829 1464 883 et
1490 823 1623 904 Adolphi
1651 823 1837 884 Holsatiae
1872 819 2019 879 comitis
2040 817 2117 882 oce,

428 945 483 1006 qua
504 929 639 1006 princeps
658 927 766 985 Ericus
792 927 820 984 in
849 927 968 1002 gratiam
993 928 1083 1004 petris
1108 928 1257 1004 recipitur,
1288 928 1371 1005 eique
1398 931 1479 984 terrae
1506 925 1632 995 Seania,
1665 925 1785 985 insula
1820 919 2036 991 Huaedlren,
2063 917 2117 978 lile

427 1029 542 1106 congia,
563 1027 705 1106 Lysteer,
727 1023 979 1085 Sondra-Halland
999 1032 1052 1085 etc.
1073 1027 1234 1099 traductum
1263 1033 1401 1106 praterea
1420 1045 1472 1084 rex
1492 1023 1623 1103 Magnus
1645 1031 1741 1085 terrae
1768 1023 1927 1084 Scaniae
1952 1019 2118 1102 privilegia.

427 1147 531 1207 arege
551 1128 698 1188 Dacorum
720 1126 839 1195 tradita,
860 1125 980 1204 principi
994 1125 1086 1186 ,Erico
1106 1127 1280 1186 reservanda
1301 1127 1412 1186 tradere
1431 1125 1586 1204 pollicetur
1612 1145 1644 1206 p.
1673 1145 1706 1206 p.
1740 1158 1789 1170 —
1834 1125 1888 1189 In
1921 1121 2117 1185 1151me-

427 1232 563 1308 ecpcoci,
582 1227 629 1286 die
647 1227 755 1285 Vitalis
777 1226 912 1302 martiris.

715 1325 832 1389 Hodorplr
850 1324 964 1373 Svcnske
980 1323 1158 1377 liimlranikor
1174 1327 1222 1376 ltil.
1239 1343 1262 1393 p.
1281 1327 1388 1378 41-51.

620 1413 735 1486 [allo]
777 1411 898 1481 Literae,
926 1411 1030 1490 quibos
1060 1414 1199 1486 Parmos,
1234 1417 1391 1495 episcopus
1421 1416 1613 1484 Arusiensis,
1646 1414 1751 1474 altare
1790 1417 1923 1474 sancti
1963 1415 2116 1474 Benedici

428 1514 510 1572 alteri
531 1518 639 1572 sanctae
659 1512 844 1590 Margaretoe‚
866 1533 1012 1572 consensu
1032 1516 1147 1592 capituli
1165 1517 1335 1584 accedente,
1356 1517 1492 1574 annectit.
1513 1547 1550 1572 ·-,
1572 1515 1687 1592 Vigilia
1710 1515 1745 1575 b.
1771 1515 2048 1576 Bartholomaei.

714 1613 853 1674 Langclek
870 1613 971 1678 Scriptt.
989 1613 1034 1662 vl.
1052 1615 1110 1664 488.

541 1677 546 1684 ¹
620 1700 735 1773 [illl]
776 1701 914 1760 decoros
940 1691 1088 1762 (loirmson
1115 1723 1152 1762 na
1179 1705 1457 1762 Asrvoarnoennnm
1482 1667 1566 1762 bona
1586 1724 1642 1762 soa
1671 1703 1701 1762 in
1726 1691 1915 1776 Tisvrllai,
1957 1707 2115 1766 “ridelieet

429 1808 500 1883 octo
516 1801 630 1861 solidos
651 1807 789 1860 terrarum
810 1803 839 1859 in
861 1803 987 1871 ceneo''‚
1016 1805 1189 1864 monasterio
1209 1804 1379 1864 Esromcnsi
1400 1824 1452 1882 pro
1471 1803 1627 1863 duodecim
1650 1807 1772 1864 marcis
1799 1809 1950 1886 argenti
1976 1808 2112 1889 ponderis

430 1902 616 1962 Coloniensls
638 1903 819 1982 oppignorat·
841 1933 878 1943 —
899 1902 1051 1962 Dominica
1070 1906 1160 1982 primo
1182 1905 1323 1963 arlventos
1343 1905 1460 1962 domini.

714 2002 851 2063 Langebek
868 2001 969 2065 Seriptt.
986 2003 1031 2050 [Χ.
1065 2005 1125 2053 God.
1142 2007 1242 2054 Eorum.
1259 2005 1304 2054 ror.
1322 2003 1491 2055 cxxxvlii.

1176 2115 1281 2243 1358.

617 2306 734 2379 [2412]
773 2306 895 2374 Limam,
927 2305 1034 2383 quibus
1058 2326 1214 2369 consonos
1242 2329 1282 2369 ar
1310 2327 1432 2368 roccum
1457 2267 1686 2372 Enonsolrnar
1707 2313 1868 2378 Henrico
1905 2326 1944 2379 et
1969 2320 2105 2400 Adolplre

428 2403 584 2466 comitibus
604 2405 760 2476 llolsatiae‚
787 2407 836 2484 qui
857 2406 1022 2484 provincias
1041 2405 1281 2486 Byltryogbaeret,
1311 2409 1548 2488 Pylwrynrbarret
1568 2419 1596 2471 et
1617 2413 1857 2492 Wyrylrbaeret
1885 2442 1954 2481 nec
1980 2443 2043 2482 non
2061 2441 2104 2500 pe

429 2506 557 2570 roebiam
578 2505 709 2565 lllorsum
730 2505 876 2565 hostiliter
897 2506 1032 2566 invadere
1058 2503 1217 2583 tentabant,
1247 2511 1383 2570 auxilium
1410 2511 1483 2571 serre
1509 2512 1695 2591 pollicentur.
1729 2549 1773 2560 -
1811 2519 1894 2582 Die
1929 2529 2102 2582 sanctorum

428 2605 548 2666 Fabiani
569 2612 600 2666 et
619 2606 785 2673 sebastiani
806 2608 963 2666 martimm.
1129 2667 1133 2680 Ι

718 2707 858 2758 Micbelsen
875 2705 1067 2756 Nordtrisslend
1084 2724 1107 2772 p.
1127 2709 1182 2761 192.

620 2811 735 2884 [ella]
775 2803 895 2870 Eorco's
927 2829 977 2868 rex
1009 2809 1118 2870 Sveciae
1148 2821 1178 2874 et
1205 2811 1317 2875 Scaniae
1348 2813 1534 2879 abbatemet
1559 2828 1739 2882 conventum
1768 2833 1985 2890 monasterii
2016 2831 2098 2891 Este

430 2913 540 2971 mensis
559 2931 681 3014 unacum
701 2907 836 2971 omnibus
861 2907 948 2969 bonis
974 2929 1071 2968 eornm
1092 2913 1162 2973 infra
1188 2935 1275 2994 regna
1300 2921 1546 2986 suacenstitutis
1572 2919 1629 2980 sub
1655 2943 1745 2982 suem
1776 2911 2034 3006 protectionem
2054 2953 2095 2992 su·

429 3013 531 3089 scipit‚
563 3015 658 3072 omnia
684 3013 746 3072 lraec
772 3011 847 3070 bona
873 3029 890 3070 a
918 3011 1111 3072 solutionibus
1131 3021 1161 3073 et
1186 3017 1316 3074 servitiis
1332 3018 1389 3094 juri
1410 3021 1488 3094 regio
1509 3019 1618 3080 debitis
1638 3022 1762 3093 liberat,
1800 3035 1840 3087 et
1867 3011 2036 3092 emendas
2056 3031 2095 3091 rel

428 3109 485 3169 XL
502 3119 722 3182 nrarcamm‚-a
742 3111 972 3190 possessoribus
992 3109 1130 3172 dictomm
1150 3115 1288 3175 bonorum
1310 3117 1367 3194 ipsi
1388 3116 1484 3178 forsan
1505 3127 1624 3200 propter
1644 3123 1757 3184 delicta
1781 3129 1999 3206 solvendas,
2021 3099 2092 3194 dicto

429 3214 605 3272 monasterio
626 3212 770 3294 concedit.
791 3243 831 3256 -
851 3211 888 3271 Io
909 3209 1012 3270 contro
1030 3211 1279 3296 Halcyoqdorqd,
1301 3214 1348 3274 die
1368 3215 1444 3277 beati
1464 3218 1583 3281 Mathia
1604 3224 1747 3302 apostoli.

652 3355 661 3369 ,
715 3311 819 3362 llierull
831 3313 923 3362 aaron
940 3311 1055 3360 Klosters
1072 3305 1137 3365 liist.
1155 3332 1179 3381 p.
1195 3314 1305 3366 62-63.
1339 3315 1400 3366 cor.
1417 3319 1516 3368 Esrnm.
1534 3321 1580 3370 ror.
1598 3324 1669 3374 LXI.

620 3418 735 3490 [blla]
777 3417 968 3486 Ceavreenr,
998 3433 1109 3476 sonari
1136 3437 1176 3478 rm
1205 3437 1354 3478 amoenas
1378 3419 1514 3484 Nrcoonr
1541 3425 1757 3492 chwonsooe
1788 3455 2012 3514 enuntians
2040 3461 2090 3501 ns·

429 3535 537 3576 ornnes
559 3537 598 3578 no
621 3535 827 3577 connoorrns
849 3536 879 3576 ro
903 3533 1067 3575 nosocomo
1086 3517 1215 3578 Looneo
1240 3537 1280 3578 er
1301 3518 1372 3578 Hero
1393 3521 1421 3579 in
1443 3527 1589 3599 provincia
1611 3526 1807 3594 'l'hitmarcim
1833 3542 2026 3614 testantur,
2057 3562 2088 3602 ee

342 3657 345 3666 ·
410 3637 496 3717 ¹com
516 3618 637 3678 Nicolao
658 3619 799 3696 episcopo
821 3616 1000 3676 slesvicensi
1026 3609 1148 3696 ejusque
1168 3619 1322 3698 oppidania
1346 3621 1374 3678 in
1395 3615 1562 3684 Suallstede
1588 3633 1619 3686 et
1645 3629 1757 3690 tamilla
1786 3634 1991 3722 ubicunque
2018 3648 2086 3713 sita,

429 3725 488 3778 tam
513 3739 565 3797 pro
591 3723 684 3778 morte
709 3716 823 3777 Nicolai
850 3717 1035 3785 Ricwarsen,
1064 3736 1148 3796 qoam
1174 3740 1226 3798 pro
1252 3719 1319 3777 aliis
1345 3721 1457 3792 causis,
1488 3724 1601 3802 plenam
1629 3732 1798 3794 amicitiam
1823 3745 1860 3798 et
1894 3743 2085 3804 foederatam

268 4039 295 4088 9.
311 4037 408 4088 Martii.

259 4547 299 4598 la.
317 4547 414 4598 Martii.

429 3821 622 3896 integritatem
642 3819 762 3878 iecisse.
784 3850 819 3860 -
837 3816 979 3896 Uerden,
1001 3819 1084 3876 tertia
1105 3818 1174 3877 serio
1193 3821 1321 3898 proxima
1341 3828 1412 3900 post
1432 3822 1620 3898 dominicam,
1641 3849 1700 3908 qua
1722 3841 1875 3899 cantatur
1901 3843 2003 3905 oculi
2021 3847 2082 3905 Μ’,

717 3919 856 3968 Mielrelseo
875 3916 994 3965 Ditmsrs.
1011 3918 1213 3992 Urkundenbnelr
1228 3935 1251 3983 p.
1268 3919 1377 3970 27-28.

620 4025 736 4098 [alla]
759 4022 870 4116 'Error
893 4021 1052 4080 Succorum
1073 4021 1289 4102 Gothorumqoe
1309 4023 1386 4103 regis
1411 4033 1442 4085 et
1467 4027 1574 4088 domini
1594 4031 1709 4094 Senniee
1736 4037 1908 4108 literarum
1932 4053 2078 4129 epitome,

431 4124 537 4204 quibus
552 4124 642 4184 ‘Petro
663 4124 820 4192 Eskilsoo,
841 4121 973 4180 familiari
995 4137 1065 4190 suo,
1086 4124 1193 4182 curiam
1213 4123 1372 4203 quanm,
1401 4126 1440 4185 ed
1458 4147 1554 4205 regem
1577 4133 1645 4207 jule
1671 4133 1875 4205 hereditario
1908 4149 1997 4210 dicto
2019 4151 2079 4212 Do-

430 4227 527 4301 noars
545 4223 612 4304 post
634 4231 755 4285 mortem
777 4223 856 4284 Petri
876 4219 1031 4290 Esbilson,
1057 4223 1198 4299 quondam
1217 4224 1313 4282 villani
1340 4226 1368 4283 in
1388 4225 1569 4305 Malmttghe,
1599 4233 1732 4310 legaliter
1758 4219 1969 4322 devolutam,
1992 4250 2078 4312 donet

430 4331 568 4403 perpetuo
589 4325 808 4404 possidendam.
830 4353 867 4364 -
889 4319 975 4378 Feria
995 4326 1078 4379 sexta
1097 4327 1224 4401 proxima
1245 4331 1311 4383 ante
1331 4323 1502 4386 dominicam
1523 4327 1619 4390 Oculi.

714 4423 874 4489 Legerlring
890 4423 957 4471 sves
973 4420 1054 4472 llilres
1071 4421 1185 4474 illatoris
1199 4423 1245 4474 lll.
1258 4424 1386 4492 ¹tlt-45.

621 4531 735 4603 [illo]
776 4529 884 4588 Literae
904 4525 1013 4587 Jncoar
1034 4516 1175 4588 Fnosran
1196 4529 1326 4588 canonici
1340 4527 1553 4621 boskildensis
1574 4533 1611 4594 de
1632 4537 1732 4600 “lacta
1758 4557 2072 4628 compositionem

433 4627 584 4687 concordia
610 4632 682 4688 ioter
708 4631 918 4692 monasterium
943 4625 1049 4686 Esrom
1076 4645 1111 4683 ex
1136 4635 1215 4704 parte
1241 4647 1297 4686 una
1322 4633 1351 4686 et
1370 4627 1521 4690 Nicolaum
1541 4631 1602 4692 Pilt
1627 4643 1658 4696 et
1683 4639 1838 4707 Jacobrun
1868 4653 2070 4718 Boffldegm

431 4725 584 4786 bondoncs
604 4729 640 4788 de
661 4733 845 4811 ⁴inrooclorp,
867 4725 997 4788 heoredes
1018 4723 1175 4786 Therbemi
1195 4727 1363 4788 Patherson
1384 4728 1420 4788 de
1440 4729 1584 4812 Waegbby
1602 4735 1685 4798 bonae
1713 4751 1894 4824 memoriae,
1929 4775 1968 4816 ex
1990 4761 2069 4836 parte

431 4829 536 4896 altera,
563 4847 649 4907 super
670 4831 787 4892 dimidia
809 4826 926 4909 capitali
947 4827 1092 4903 portione,
1114 4846 1198 4905 qoam
1220 4827 1295 4888 idem
1316 4827 1499 4892 'llrorbernus
1520 4835 1548 4892 in
1569 4841 1708 4901 extremis
1729 4842 1882 4914 laborans
1906 4856 1990 4918 dicto
2011 4879 2067 4920 ma.

432 4929 561 4990 nestorio
580 4928 737 5006 legasset’.
758 4963 795 4977 -
816 4931 848 4990 lo
870 4928 998 4989 crastino
1018 4924 1095 4986 beati
1117 4925 1247 5008 Gregorii
1267 4948 1357 5010 papae.

717 5031 851 5096 narseten
869 5027 970 5092 Scriptt.
988 5025 1034 5109 [Χ.
1102 5064 1109 5079 .
1143 5029 1521 5084 col.norom.tol.cxxv1.
1574 4989 1586 5040 ¹¹
