5338 5544
739 420 779 494 X
1355 428 1591 500 Praetorio·

696 638 728 698 et
751 624 941 716 superiorum
966 621 1125 711 diligenter
1150 629 1181 690 et
1204 621 1294 714 plene
1318 620 1471 690 edrrotuu't
1495 631 1529 688 et
1550 619 1725 710 descripsit,
1756 640 1850 710 quum
1875 620 2026 708 generalia
2051 631 2119 690 tum
2145 621 2350 714 specialia,

695 775 763 846 quae
784 719 907 844 quidem
926 749 1049 840 proprio
1062 747 1299 836 dtplomatam
1312 769 1425 836 genere
1437 768 1512 816 non
1525 747 1761 816 continerentur.
1809 749 1916 838 Neque
1936 745 2041 835 injuria
2060 749 2128 816 hec
2144 750 2350 820 discrevit.

694 882 772 952 Nam
798 876 1033 966 diplomatum
1052 875 1113 944 sine
1132 885 1269 944 uotorum
1293 875 1480 964 publicorum
1504 874 1625 942 nomine
1650 873 1770 964 proprie
1794 895 1839 940 eae
1862 873 1983 942 demum
2009 874 2120 944 littere
2149 875 2350 970 (chartae,

695 1003 884 1098 Urlunden]
913 1002 1227 1094 comprehenduntur,
1266 1001 1373 1092 quibus
1403 1001 1495 1091 lactu,
1531 1001 1617 1090 jura,
1654 1000 1872 1090 obligationes,
1906 1001 2018 1088 judicia
2050 1026 2142 1074 resve
2180 1006 2222 1072 in
2253 1007 2366 1098 jure.

696 1147 772 1208 actae
799 1136 857 1202 rite
889 1141 921 1200 et
950 1132 1088 1200 sollemni
1118 1129 1211 1201 modo
1243 1128 1443 1216 declarantur,
1481 1138 1707 1220 nuncupantur,
1744 1129 1977 1222 testimonioque
2001 1132 2192 1224 firmantur,
2237 1134 2350 1227 quod

701 1265 766 1332 eliis
796 1261 868 1328 locis
901 1229 1149 1350 temporilrusque
1179 1258 1237 1324 alia
1266 1257 1392 1324 formula
1423 1257 1459 1324 fit
1487 1265 1541 1324 out
1569 1257 1697 1324 certiore
1722 1255 1895 1324 autminus
1920 1257 2053 1328 definita.
2103 1265 2244 1354 ltaque·
2271 1267 2351 1336 hoc

697 1410 811 1482 genere
835 1388 1027 1456 eontinentur
1051 1408 1156 1454 omnes
1181 1386 1240 1452 illae
1265 1386 1371 1452 littere
1394 1368 1533 1476 publioae,
1558 1405 1626 1474 qum
1650 1381 1732 1474 apud
1753 1383 1861 1452 medie
1884 1387 1980 1454 etatis
2000 1388 2172 1478 scriptores
2198 1395 2346 1464 Latine

698 1518 778 1584 venie
803 1509 1204 1601 nominantur,·cl1urtoe,
1244 1511 1395 1601 lettere,
1429 1509 1589 1600 placito,
1623 1521 1831 1600 praeoepta,
1868 1521 2128 1607 instrumenta,
2168 1520 2344 1616 bullae,

697 1641 918 1732 pristimo,
943 1649 1097 1730 monita,
1123 1640 1295 1732 foedera,
1321 1648 1396 1726 eto,
1421 1639 1482 1706 sive
1505 1661 1614 1726 regum
1638 1639 1850 1732 civitatumque
1873 1642 1995 1710 nominc
2019 1643 2082 1712 siue
2107 1646 2347 1734 privatorum

699 1771 856 1840 hominum
893 1777 1047 1858 concepte
1079 1779 1112 1838 et
1139 1769 1264 1859 proditae
1294 1767 1551 1858 promulgataque
1581 1775 1661 1834 sunt.
1726 1770 1805 1836 Nam
1835 1767 1898 1836 haec
1929 1769 1992 1858 ipss
2021 1770 2206 1861 diplomatis
2248 1791 2344 1850 nota

700 1899 821 1992 proprio
840 1907 888 1964 est
903 1895 1059 1988 verboque
1076 1897 1272 1988 significetur,
1299 1893 1381 1984 quod
1399 1903 1544 1994 conctpt
1559 1893 1741 1986 prositque
1756 1873 1955 1986 (udatedeo
1968 1906 2020 1966 out
2031 1899 2344 2002 udfoerdtyes)

701 2027 816 2116 dehet,
849 2024 994 2118 quioquid
1026 2024 1082 2092 suh
1107 2023 1179 2091 illud
1202 2044 1300 2112 genus
1325 2019 1413 2088 cadit.
1467 2023 1574 2112 Itaque
1599 2021 1630 2086 in
1653 2022 1710 2088 hoc
1733 2022 1900 2090 litterarum
1924 2045 2019 2112 genus
2044 2030 2172 2117 proprie
2203 2057 2344 2128 neque

701 2155 823 2248 priuatae
849 2153 984 2244 epistole
1008 2173 1137 2243 queque
1162 2150 1249 2218 simili
1274 2149 1371 2218 lomna
1394 2148 1471 2216 iuter
1494 2149 1624 2240 privatos
1649 2149 1758 2238 scripte
1781 2159 1873 2238 suut,
1909 2152 2016 2220 referri
2040 2165 2173 2242 possunt
2201 2183 2342 2256 neque

702 2281 935 2372 inscriptiones,
971 2279 1098 2372 vitarum
1133 2278 1345 2366 narrationes,
1379 2278 1520 2367 annales,
1557 2299 1696 2345 rerumve
1731 2287 1886 2366 gestarum
1919 2283 2126 2350 commentarii
2166 2289 2343 2376 cujusvis

702 2409 833 2498 generis.
890 2407 1041 2488 Quoniam
1066 2405 1156 2496 igitur
1181 2401 1356 2495 hujusmodi
1380 2403 1509 2472 subsidia
1531 2405 1562 2472 in
1588 2426 1643 2492 ea,
1673 2427 1741 2496 que
1765 2407 1885 2496 proprie
1910 2405 2116 2496 diplomatarin
2141 2411 2341 2511 dicuntur,

702 2536 795 2625 recipi
819 2542 873 2604 aut
897 2535 928 2600 in
952 2533 1082 2622 regestis
1106 2533 1228 2599 indicari
1254 2554 1316 2598 non
1341 2541 1476 2622 possunt,
1502 2555 1539 2599 eo
1563 2531 1683 2600 utiliora
1707 2531 1811 2600 haberi
1835 2531 1948 2602 debent
1972 2558 2064 2626 opera
2083 2537 2123 2606 nd
2143 2539 2343 2618 directorii

646 2748 652 2760 N
703 2661 908 2753 Adeluogiani
939 2661 1066 2728 sormam
1083 2660 1287 2750 compositu,
1322 2660 1490 2750 praescrtim
1514 2660 1537 2726 si
1563 2658 1693 2746 eadem,
1730 2681 1821 2748 quom
1844 2659 1869 2728 is
1894 2675 2078 2734 consecutus.
2099 2677 2174 2756 est,
2221 2679 2341 2770 copia

703 2789 882 2882 exponitur,
920 2787 993 2880 quid
1029 2786 1168 2856 subsidiis
1205 2787 1404 2902 contineatur.
1462 2787 1564 2877 Atque
1601 2786 1632 2852 iu
1667 2785 1803 2875 ejusdcm
1833 2789 1969 2858 Suronim
1998 2791 2122 2861 historia
2153 2808 2340 2898 exemplo

704 2918 942 2985 demonstratum
967 2925 1025 3004 est,
1050 2913 1202 3006 quomodo
1226 2910 1385 3002 utriusque
1409 2914 1525 3001 generis
1550 2915 1748 2982 instrumente
1765 2923 1867 3004 atquc,
1891 2924 1926 2984 ut
1948 2941 2028 2986 nunc
2045 2921 2127 3012 loqui
2147 2928 2335 3024 solemus,

704 3045 871 3134 repertorio
891 3043 1031 3110 historica
1060 3041 1242 3109 instituenda
1264 3063 1299 3108 ec
1324 3040 1455 3130 paranda
1480 3043 1548 3131 sint,
1573 3050 1608 3108 ut
1631 3041 1710 3108 inter
1734 3063 1768 3108 se
1793 3043 1930 3138 oppleant
1953 3047 2174 3141 materiamque
2205 3067 2334 3134 totam

704 3169 976 3268 comprehendant,
1003 3168 1083 3252 edito
1109 3191 1166 3236 nec
1189 3179 1291 3236 tamen
1311 3167 1453 3236 absoluto
1478 3168 1515 3235 ab
1541 3165 1587 3236 L.
1606 3163 1652 3234 A.
1671 3161 1846 3240 Schultes
1870 3193 1973 3260 opere,
1999 3175 2081 3263 quod
2097 3175 2335 3262 inscribitur,

704 3295 956 3368 Dtreotortum
988 3297 1279 3387 diplomaticum,
1324 3293 1417 3362 oder
1452 3292 1733 3384 chronological·
1766 3297 1971 3386 peordnete
2006 3297 2188 3394 Auezn'tye
2236 3339 2336 3394 von

704 3421 952 3495 sommtliclton
966 3424 1059 3494 ttber
1072 3424 1131 3493 dte
1145 3419 1365 3494 Gescltclte
1377 3419 1655 3492 Oberccclsens
1668 3421 1934 3494 contenderem
1953 3422 2158 3504 Uettonum
2173 3434 2281 3529 (vol,
2298 3454 2333 3542 1,

705 3554 742 3620 ab
767 3577 795 3620 o.
822 3549 1017 3640 704-1137,
1042 3552 1223 3641 Alteuburgi
1252 3550 1354 3640 1821,
1381 3552 1436 3618 vol.
1461 3553 1500 3642 ll,
1525 3553 1563 3620 ab
1587 3575 1615 3620 a.
1644 3548 1886 3638 1138-1229,
1912 3552 1973 3620 ibd.
1991 3555 2092 3642 1825,
2119 3560 2197 3656 4ιοῖ
2238 3598 2330 3650 cum

705 3679 854 3770 locuplete
878 3701 1076 3768 personarum
1100 3679 1298 3770 locorumque
1324 3674 1455 3770 indice).

892 3805 990 3872 Alium
1003 3806 1080 3872 sium
1093 3807 1247 3896 ingressus
1260 3815 1308 3874 est
1320 3807 1365 3872 vir
1377 3829 1468 3896 quum
1480 3808 1562 3876 libris
1575 3807 1946 3898 historico-diplomaticis,
1960 3817 2023 3878 tum
2037 3809 2172 3904 alioquin
2187 3822 2329 3904 lamam

650 3933 653 3940 ’
704 3907 810 4003 nectus
832 3928 875 4002 0.
897 3928 948 3999 H.
973 3927 1103 4026 Lamp,
1134 3935 1184 4025 qui
1203 3935 1241 4002 ab
1262 3955 1343 4000 anno
1365 3932 1587 4004 1822n10noci
1612 3937 1703 4005 edere
1728 3935 1854 4004 instituit
1871 3929 2038 4024 Repesta
2064 3951 2143 4011 eloe
2168 3967 2332 4032 rerum

705 4057 907 4130 Belcarum
920 4059 1158 4149 autographa
1177 4059 1229 4130 ad
1246 4081 1335 4130 anun.
1349 4079 1463 4152 usque
1484 4080 1583 4132 nouo
1598 4089 1619 4134 e
1637 4037 1909 4153 'requireremus
1926 4062 2089 4153 fideliter
2102 4080 2141 4140 tn
2154 4095 2328 4164 summa

707 4197 901 4276 contracta
922 4197 999 4275 ete,
1025 4189 1198 4280 consiliique
1224 4209 1373 4256 summum
1393 4193 1586 4260 constantium
1606 4215 1675 4260 oum
1698 4190 1809 4258 lebonis
1829 4190 1982 4278 diligentia
2000 4202 2031 4260 et
2049 4215 2119 4262 cura
2143 4204 2327 4294 conjunc.

707 4317 820 4384 tamin
846 4316 942 4383 tribus
968 4317 1190 4404 voluminibus,
1222 4311 1687 4418 quae(usquenda.11828)
1713 4318 1841 4408 primum
1866 4315 2027 4387 subsecuta
2053 4333 2147 4411 sunt,
2187 4341 2327 4416 tenuit,
2398 4413 2402 4427 ,

707 4449 736 4512 ls
761 4441 840 4510 euim
864 4443 1059 4532 diplomatum
1083 4442 1121 4511 nd
1139 4443 1293 4530 historiam
1312 4443 1483 4512 Bavaricem
1502 4447 1727 4538 pertinentium,
1753 4453 1902 4536 quotquot
1926 4447 2082 4516 exstabant
2100 4475 2328 4560 quorumque

706 4571 778 4662 ipsis
809 4568 917 4636 chartis
946 4557 1153 4662 autographis⁴
1170 4571 1213 4638 uti
1237 4573 1560 4662 poterut,.epitomes
1593 4585 1624 4643 et
1648 4595 1780 4642 summes
1805 4575 1907 4664 plenus
1932 4573 1985 4640 sed
2010 4575 2142 4648 brevitor
2166 4592 2326 4683 scripta,

706 4719 806 4790 neque
831 4696 989 4786 quicquum
1013 4707 1161 4788 preterea
1185 4695 1428 4791 comprehendit;
1465 4700 1623 4794 diplomata
1647 4703 1840 4790 litterasque,
1862 4707 1945 4792 ‘que
1969 4713 2021 4772 aut
2046 4713 2161 4774 tuntum
2190 4721 2323 4794 trans.

708 4825 816 4916 scripta
848 4821 1035 4894 habebuntur
1058 4836 1112 4896 aut
1134 4817 1262 4894 aliorum
1286 4823 1369 4894 libris
1394 4829 1470 4918 typis
1493 4831 1645 4924 impressis
1671 4830 1923 4918 continebantur,
1961 4831 2096 4899 exclusit.
2157 4838 2322 4934 Regem
