5338 5544
816 409 915 486 xrv
1016 495 1019 504 y
1341 453 1344 460 -
1435 419 1672 492 staurano.
1750 361 1759 388 ⁸

780 639 872 714 quarn
888 623 923 682 ut
940 612 1076 700 materia,
1098 621 1245 704 quantam
1258 611 1325 682 lieri
1344 623 1456 704 posset,
1475 614 1563 704 pleae
1581 624 1614 684 et
1630 623 1768 684 accuratu
1786 613 1987 702 colligeretur.
2024 611 2076 682 hb
2091 634 2123 680 a.
2145 607 2272 680 1833
2290 607 2351 676 uti
2367 604 2456 676 licuit

775 747 803 812 iu
839 766 873 810 re
905 740 1021 829 agendo
1053 749 1085 808 ct
1119 740 1335 831 persequenda
1366 741 1467 810 studiis
1500 752 1532 810 et
1562 742 1716 810 laboribus
1745 742 1872 810 hominis
1897 739 2068 832 peritissimi
2094 748 2132 808 et
2159 735 2456 829 diligentissimi,

777 868 837 940 Jo.
864 867 1069 958 Knauson,
1104 869 1156 959 qui
1181 890 1209 934 a.
1240 867 1331 936 1835
1358 870 1387 936 in
1410 869 1556 938 tabulario
1580 870 1665 959 regio
1689 879 1807 938 secreto
1832 869 1945 957 scriba,
1971 891 1999 936 a.
2028 865 2126 938 1845
2157 866 2344 936 indicum
2370 887 2458 934 cou-

776 1001 872 1066 lcctor
907 998 1003 1064 lactus
1031 1005 1098 1084 cst,
1137 1017 1229 1087 quem
1254 996 1479 1082 registratorcm
1503 1007 1627 1086 vocant,
1664 1005 1770 1088 postea
1794 997 1881 1072 simul
1905 995 2032 1064 hominis
2059 1019 2126 1064 aon
2154 995 2298 1066 minus
2329 994 2458 1081 idonei,

775 1123 852 1196 Jon
877 1119 1141 1213 Sipurdssoa,
1179 1123 1368 1213 stipendiarii
1392 1123 1662 1214 Arnaemagnaeani.
1722 1125 1760 1194 Α.
1790 1122 1879 1193 1837
1902 1124 2022 1213 tribus,
2058 1125 2114 1216 qui
2147 1123 2203 1194 ud
2240 1123 2286 1192 id
2315 1133 2456 1214 ternpus

770 1256 816 1324 rei
854 1243 1097 1320 administrandas
1138 1272 1242 1318 curum
1280 1250 1471 1339 habuerant,
1515 1251 1670 1320 sodalibus
1707 1249 1831 1330 decreto
1865 1252 2016 1320 societatis
2054 1251 2180 1340 adjecti
2232 1263 2333 1321 sunt
2373 1252 2456 1338 duo,

773 1380 820 1450 F.
846 1377 1086 1468 lllaynuaren
1111 1388 1143 1446 et
1167 1375 1370 1468 Mclbcclt3
1408 1381 1530 1448 accessit
1553 1383 1631 1450 circa
1656 1380 1736 1448 idem
1759 1390 1898 1470 tempus,
1921 1380 2030 1448 ceteris
2056 1381 2303 1470 optantibus,
2337 1391 2457 1450 sextus

773 1505 934 1596 blaseio
947 1527 962 1596 ,·
1009 1507 1065 1573 scd
1101 1529 1129 1574 a.
1172 1503 1263 1575 1840
1300 1505 1347 1574 vir
1382 1506 1594 1576 illustrissimus
1634 1504 1685 1576 W
1684 1506 1832 1602 erluuff
1862 1517 1986 1600 propter
2020 1507 2160 1576 aliorum
2207 1510 2455 1599 negotiorum

722 1715 726 1726 ¹
773 1635 998 1704 multitudinem
1025 1633 1063 1701 ab
1090 1634 1179 1723 hujus
1205 1656 1285 1702 curae
1312 1633 1456 1721 societate
1480 1658 1547 1703 sese
1571 1635 1693 1704 liberari
1717 1635 1810 1726 cupiit
1834 1635 2031 1726 removitque.
2080 1637 2161 1704 Jam
2194 1647 2298 1706 unte
2331 1637 2456 1728 agitari

771 1767 851 1833 inter
885 1763 1004 1830 sodales
1041 1762 1111 1828 huic
1148 1761 1191 1828 rei
1225 1760 1406 1850 praepositos
1440 1772 1577 1852 coeptum
1607 1751 1696 1852 erat,
1726 1743 1841 1854 'ecquid
1872 1761 1959 1830 simul
1988 1765 2160 1852 preparari
2203 1765 2455 1863 adjuvarique

774 1892 899 1960 alterius
930 1890 1031 1980 operis
1061 1889 1193 1956 historiae
1222 1897 1335 1956 nostre
1362 1891 1593 1980 pemccessorir',
1632 1883 1830 1980 diplomatarii
1854 1889 1989 1977 llanici,
2014 1887 2111 1958 editio
2137 1907 2307 1986 posset,
2360 1900 2455 1994 qnod

770 2021 834 2108 jam
860 2017 1031 2086 Grammius
1063 2027 1095 2084 et
1117 2015 1332 2104 Langebelius
1364 2016 1541 2108 scriptorum
1572 2040 1677 2086 rerum
1700 2017 1882 2086 Daaicarum
1913 2015 2034 2084 editioni
2059 2017 2202 2112 adjungi
2236 2025 2452 2098 voluerant.

774 2152 880 2230 Quum
910 2156 1012 2212 tumea
1044 2145 1128 2211 lecile
1157 2116 1344 2210 intellectum
1379 2154 1476 2232 esset,
1512 2155 1542 2214 et
1574 2155 1706 2238 propter.
1729 2154 1902 2238 sumptuum
1930 2145 2183 2234 magnitudinem
2220 2161 2267 2220 et
2302 2167 2456 2248 propter

775 2276 848 2342 ulios
889 2295 994 2341 causas
1033 2273 1100 2342 lieri
1136 2271 1183 2340 vir
1219 2277 1357 2362 posse,¹
1385 2281 1420 2340 ut
1455 2273 1484 2340 in
1518 2283 1650 2364 utroque
1687 2294 1782 2362 opere
1818 2270 2003 2340 conficiendo
2041 2282 2073 2340 et
2111 2275 2266 2348 edendo
2321 2285 2453 2356 eodem

774 2412 913 2491 tempore
938 2400 1171 2489 elaboraretur,
1209 2402 1398 2470 asocietate
1424 2401 1537 2486 sodales
1562 2401 1601 2468 ad
1625 2401 1703 2468 hanc
1727 2421 1792 2468 rem
1817 2398 1923 2468 delecti
1949 2397 2002 2492 [d.
2030 2399 2191 2472 2dv'tu1ii
2223 2430 2266 2476 n.
2311 2411 2452 2508 1837)

770 2529 849 2618 jussi
879 2538 973 2617 sunt,
1009 2529 1168 2619 utriusque
1205 2530 1305 2620 operis
1342 2528 1497 2596 consilium
1533 2529 1637 2596 animis
1673 2527 1807 2601 retinere
1843 2528 2101 2620 diplomaturiique
2140 2555 2276 2630 usqne
2330 2545 2383 2616 ad
2425 2574 2453 2618 a,

778 2649 869 2736 '1400
899 2655 1072 2724 instituendi
1101 2657 1229 2725 sormam
1258 2655 1457 2742 describere,
1493 2665 1626 2724 cetemm
1655 2655 1793 2746 proximo
1823 2667 1960 2750 tempore
1989 2669 2060 2726 ante
2090 2665 2210 2734 omnia
2246 2694 2325 2764 en,
2376 2702 2455 2770 qus

776 2784 815 2852 ad
850 2791 972 2872 regestu
1006 2783 1189 2851 absolvenda
1226 2783 1406 2874 edendaque
1436 2786 1641 2875 pertinerent,
1679 2795 1852 2873 maturare,
1889 2786 1937 2854 cui
1968 2787 2050 2878 operi
2081 2791 2239 2864 societas
2279 2813 2326 2871 et
2374 2819 2456 2876 ante

774 2910 805 2977 id
834 2919 954 3000 tempus
985 2918 1016 2976 ct
1049 2920 1155 3000 postea
1193 2933 1230 2978 er
1266 2910 1440 2998 reditibus,
1480 2912 1509 2979 si
1543 2937 1610 2982 cum
1646 2883 1837 2980 multitudine
1874 2909 1977 2982 rerum
2012 2913 2296 3004 adjuvandamm
2347 2957 2456 3004 com.

775 3045 948 3127 parantur,¹
972 3037 1343 3127 nonahundantissinris,
1381 3047 1519 3129 sumptus
1548 3041 1757 3110 liberalissima
1788 3042 1996 3134 suppeditavit.
2055 3045 2170 3138 ltaque
2209 3051 2314 3128 hinc
2356 3063 2455 3134 lium

776 3166 909 3232 viromm
946 3153 1128 3254 doctorum,
1171 3167 1209 3235 de
1245 3191 1376 3259 quorum
1413 3190 1505 3258 opera
1539 3171 1568 3238 in
1605 3173 1661 3240 hac
1695 3193 1730 3240 rc
1765 3171 1862 3262 potita
1897 3191 1988 3260 supra
2021 3169 2185 3266 diximus,
2248 3185 2456 3268 laboribus

777 3294 924 3359 honorem
959 3291 1096 3382 babere,
1142 3319 1180 3362 cr
1214 3293 1324 3386 quibus
1360 3297 1511 3386 praecipue
1540 3295 1601 3368 Jo.
1631 3295 1839 3388 Knudsers,
1882 3296 2001 3366 duobus
2032 3319 2071 3366 ex
2102 3303 2301 3384 sodalibus
2333 3331 2458 3418 snpra

777 3421 1020 3488 commemoratis
1050 3423 1079 3489 iu
1105 3433 1226 3520 partem
1255 3423 1372 3492 consilii
1402 3433 1434 3490 et
1463 3425 1507 3490 rei
1536 3427 1777 3496 administrandae
1809 3423 2015 3514 venientibus,
2051 3429 2166 3518 prioris
2195 3459 2455 3533 regestorum

777 3549 935 3616 voluminis
960 3555 991 3615 et
1015 3550 1172 3618 materiam
1198 3551 1345 3618 ordinavit
1370 3553 1596 3646 composuitque
1622 3565 1663 3645 et,
1689 3579 1783 3648 quum
1807 3578 1835 3622 a.
1865 3548 1955 3620 1842
1978 3554 2056 3644 typis
2081 3563 2232 3638 exscribi
2267 3593 2456 3673 coeptum

777 3685 869 3764 esset,
895 3677 1153 3766 typographomm
1178 3701 1302 3768 operam
1327 3677 1454 3767 regendi
1474 3689 1505 3746 et
1519 3683 1655 3787 plagulas
1675 3680 1848 3772 corrigendi
1867 3701 1970 3750 curam
1992 3683 2098 3771 gessit.
2151 3690 2203 3760 Ut
2226 3713 2455 3804 negotium²

726 3848 730 3858 ·
777 3827 872 3904 quum
891 3804 956 3892 jam
981 3803 1020 3872 ad
1043 3805 1265 3896 typographum
1289 3815 1413 3874 ventum
1439 3817 1535 3898 esset,
1561 3811 1674 3880 tardius
1699 3821 1802 3880 tamen
1825 3805 2020 3914 procederet,
2047 3810 2202 3888 ellectum
2237 3843 2309 3900 est
2342 3841 2455 3910 mig

778 3941 810 4000 et
839 3933 980 4022 gravibus
1005 3933 1217 4023 incommodis,
1255 3957 1324 4025 que
1350 3934 1405 4000 viri
1431 3932 1509 4002 docti
1532 3939 1608 4008 vires
1634 3938 1761 4008 subinde
1787 3932 1969 4025 aliquamdiu
1993 3933 2263 4022 debilitaverunt,
2346 3967 2463 4040 prio,

777 4069 879 4126 tamen
915 4060 1004 4148 hujus
1041 4061 1197 4128 voluminis
1235 4063 1395 4130 fasciculus
1430 4057 1492 4152 (ab
1521 4087 1547 4132 a.
1571 4067 1641 4137 822
1671 4067 1710 4134 ud
1734 4088 1763 4132 a.
1792 4056 1905 4152 1397)
1939 4083 1967 4129 a.
1995 4061 2086 4134 1843
2117 4073 2324 4166 evulgatus
2367 4109 2456 4188 0323

663 4225 664 4230 κ
779 4195 876 4254 totum
899 4189 1039 4258 volumen
1064 4209 1145 4256 nunc
1169 4188 1344 4280 absolvitur,
1370 4188 1533 4259 deductum
1557 4193 1595 4262 ad
1621 4217 1692 4262 eum
1717 4212 1840 4278 annum,
1865 4211 1926 4282 quo
1951 4211 2034 4260 sacra
2053 4192 2083 4260 iu
2102 4200 2211 4285 patria
2233 4230 2394 4290 nostra.
2412 4225 2458 4300 ed

781 4315 904 4382 Lutheri
929 4317 1054 4384 sormam
1081 4315 1241 4404 emendata
1266 4328 1352 4408 sunt,
1377 4317 1409 4384 b.
1437 4338 1465 4383 e.
1493 4316 1592 4391 1536.

970 4445 1121 4553 Quoniam
1145 4443 1303 4536 probabile
1329 4454 1387 4534 est,
1413 4444 1558 4515 rationem
1582 4451 1611 4518 in
1635 4452 1694 4518 hoc
1717 4425 1869 4518 volumine
1893 4444 1923 4512 in
1949 4443 2114 4536 deligendis
2134 4458 2458 4576 recipiendisque

781 4567 888 4634 litteris
913 4567 1043 4660 actisque
1068 4573 1216 4640 historicis
1241 4573 1410 4642 institutam
1434 4571 1464 4637 iu
1488 4573 1581 4644 altero
1606 4577 1770 4663 volumine,
1796 4572 1879 4666 quod
1901 4585 2019 4664 ternpus
2044 4577 2082 4648 ab
2109 4601 2137 4650 s.
2169 4583 2295 4668 1537
2331 4610 2392 4678 nd
2410 4563 2457 4686 a.

785 4693 877 4818 lliliO
901 4697 1155 4804 comprehendet,
1194 4711 1320 4792 propter
1352 4698 1487 4770 materie
1514 4701 1715 4783 diversitatem
1741 4701 1976 4793 alllueutemque
2000 4704 2115 4796 copiam
2140 4731 2209 4784 una
2244 4738 2291 4796 et
2327 4739 2455 4814 „lgm
