4298 5546
487 457 557 530 301
843 501 847 510 .
996 451 1109 524 Kone
1132 448 1342 536 Vapnerran
1366 446 1578 520 7777777777.

351 705 436 766 137177.
677 704 790 776 [7571]
830 702 875 760 De
896 715 1163 758 rrsxnmraoeossc
1183 651 1372 754 Hennenses
1392 694 1608 772 Forpiigtsbrev
1635 695 1668 754 tii
1689 695 1787 772 Kong
1809 693 1975 754 Vaidemer
1993 693 2090 754 711177

325 809 365 858 ²⁸
389 805 461 856 sunt.
489 807 584 877 mark,
606 812 635 866 at
655 807 721 864 viiie
741 805 891 864 indestaee
910 799 954 858 sor
974 795 1584 872 11777717777187777797117771777177717
1605 795 1693 854 indeo
1715 795 2091 873 Kyndeimisseonrierie

488 908 602 968 aidenr
624 907 824 982 (Hertugerne)
846 895 1436 1018 777777777717777777773971777177777.
1458 927 1495 938 -
1516 895 2091 975 71177777,177771797777177777777717

490 1009 625 1090 Apostoli
645 1009 719 1084 Dag.
1926 996 2093 1076 [1777777777

773 1095 1381 1151 7777777717.871717.317777777Ν.2.’73-33.·

329 1210 370 1258 77.
393 1208 464 1259 tatii.
680 1191 793 1266 [75777]
834 1188 921 1264 Kong
940 1187 1067 1245 Arcaea
1089 1203 1129 1244 77
1150 1185 1307 1246 87777777
1326 1184 1431 1244 Brevi
1451 1183 1559 1262 Udtng,
1580 1183 1663 1244 irrori
1682 1184 1720 1244 de
1735 1185 1834 1246 flesto
1852 1186 1889 1244 71
1902 1185 2095 1264 Botingeieerre

489 1299 534 1358 sor
560 1299 615 1356 rien
636 1295 749 1354 7777117777
770 1290 836 1348 ham
859 1307 896 1364 og
915 1286 1002 1363 Kong
1020 1285 1174 1344 Valdemar
1194 1284 1352 1361 inrigaaede
1372 1283 1445 1343 Fred
1472 1285 1598 1344 anstites.
1652 1286 1731 1358 (Deo
1762 1287 1868 1346 1157777
1892 1287 2050 1364 Betingeise
2065 1307 2094 1356 77,

488 1405 519 1458 ai
537 1397 640 1458 Aiirert
666 1395 792 1452 aistaaer
818 1389 850 1446 tii
877 1387 1031 1446 Vaidemar
1056 1385 1181 1446 Gotianri
1207 1385 1272 1446 med
1293 1383 1402 1444 Staden
1427 1383 1538 1464 Visby,
1569 1385 1635 1446 hele
1661 1387 1827 1458 verende,
1861 1387 1934 1446 hele
1960 1388 2094 1459 1717777777,

488 1501 546 1560 Κ777
568 1517 604 1574 og
623 1493 737 1562 11177177,
769 1490 877 1548 Siottet
896 1485 1035 1563 Eiisborg
1061 1485 1125 1544 med
1145 1485 1302 1543 Haivdelen
1323 1473 1438 1592 7710777
1458 1485 1626 1564 Hysingen,
1658 1505 1698 1565 og
1724 1487 1799 1548 17717
1822 1488 1971 1566 Eiisborg
1990 1488 2095 1562 11777777

488 1599 625 1669 Altam,
647 1593 806 1668 'l'irsrlagen
828 1587 901 1646 eiter
922 1587 967 1645 st.
987 1585 1097 1644 Jacobs
1115 1585 1189 1662 Dag.
1935 1587 2093 1666 (1773773737)

775 1683 1513 1738 1Γ771777717.871717.87777777117.333-33.77787177
1531 1685 1601 1735 17777.
1618 1687 1781 1738 7717777717.
1801 1690 1884 1739 xill.
1903 1691 2026 1750 574-77.

326 1808 350 1856 ⁷.
373 1805 462 1856 3393,
684 1777 794 1850 [eme]
835 1777 996 1834 1777777777
1013 1774 1124 1850 Dones
1138 1773 1249 1844 militis,
1268 1773 1389 1851 dapiferi
1408 1772 1646 1846 dominiHirrrici‚
1665 1777 1755 1836 ducis
1771 1779 1881 1848 7777777,
1900 1779 1997 1849 1777777,
2012 1776 2094 1856 quibos

491 1891 630 1953 testatur,
661 1879 814 1938 “abhatem
842 1875 879 1934 de
905 1875 987 1933 Loco
1007 1874 1063 1932 Dei
1090 1873 1188 1969 literne
1213 1869 1460 1951 impignorationis
1492 1891 1582 1952 snper
1606 1879 1718 1953 curiam
1748 1879 1891 1958 AEhytd'·
1921 1881 1950 1937 in
1970 1879 2095 1958 presentis

451 2037 454 2044 ,
490 1988 586 2066 ipsius
607 1981 740 2040 “cuidam
761 1976 922 2054 Lydeiryno
943 1975 1120 2032 Aresizssen
1142 1975 1320 2051 assignasse,
1341 1975 1390 2032 taii
1411 1973 1576 2033 conditione
1595 1977 1702 2047 media,
1725 1980 1813 2057 quod
1838 1981 1920 2040 7717777
1944 1978 2093 2056 1777717777

440 2083 450 2094 ”
490 2089 597 2146 dictum
619 2081 762 2140 dominum
784 2075 916 2134 abbatem
938 2080 968 2133 et
987 2075 1190 2131 monasterium
1211 2094 1294 2133 suum
1315 2074 1351 2133 ab
1378 2074 1454 2132 omni
1474 2075 1655 2151 impetitione
1676 2085 1708 2136 et
1728 2080 1866 2151 damno,
1899 2100 1965 2160 quae
1984 2076 2092 2158 ipsieai

489 2183 654 2247 haeredibus
674 2177 825 2258 cujusdam
846 2176 978 2235 Ratzievi
1001 2173 1109 2231 Stoicen
1130 2175 1236 2232 ratione
1262 2175 1462 2252 resignationis
1488 2175 1687 2252 praedictarum
1716 2179 1876 2239 literarum
1907 2183 2092 2256 incurrerepo

491 2289 571 2352 terit,
593 2304 627 2341 se
650 2281 693 2340 vei
715 2299 788 2338 suos
808 2275 939 2335 1777777177
961 2273 1099 2350 obligavit
1118 2276 1233 2351 penitus
1254 2273 1449 2352 exepturum''.
1475 2304 1515 2317 -
1539 2275 1633 2356 Lylle
1657 2277 1800 2354 17777177,
1837 2281 1968 2340 sabbato
1987 2281 2091 2359 proximo

490 2392 556 2446 ante
579 2379 782 2470 1777777777ῐὶ
803 2377 919 2436 Martini
941 2375 1073 2454 episcopi
1095 2379 1124 2431 77
1141 2374 1328 2434 confessoris.

776 2477 912 2538 hengebek
931 2474 1033 2538 Scriptt.
1051 2473 1122 2523 vul.
1142 2475 1195 2524 154.

321 2597 360 2646 16.
384 2593 471 2644 Decor.
681 2567 795 2640 [7587]
835 2565 990 2623 1777777777
1009 2581 1175 2622 7777777777
1195 2581 1419 2623 777777777777
1440 2561 1557 2622 Herem
1579 2563 1780 2639 7777777777,
1804 2589 1871 2648 quo
1893 2571 1968 2630 inter
1982 2569 2089 2629 317397

489 2673 624 2740 7777777777,
646 2669 725 2748 quod
745 2665 937 2724 Lubeoenses
955 2663 1022 2720 aliis
1042 2663 1205 2722 civitatibus
1224 2667 1325 2742 copias
1345 2665 1488 2722 literarum
1505 2667 1728 2742 compositionis
1745 2671 1948 2750 interregem
1968 2669 2087 2730 Decornn

491 2780 521 2833 77
551 2775 685 2830 civitates
710 2763 922 2828 communicare
950 2763 1090 2834 7171777777,
1126 2764 1229 2824 71777717
1255 2765 1330 2843 qnod
1356 2768 1498 2842 presente
1523 2783 1617 2824 rerum
1644 2773 1724 2826 statu
1752 2769 1887 2832 durante
1915 2793 1972 2832 non
1997 2773 2089 2851 possint

492 2875 648 2946 (civitates)
680 2861 960 2943 ι777717119777777777777”
988 2885 1053 2922 cum
1079 2865 1245 2924 civitatibus
1275 2865 1400 2924 Prusciae
1431 2869 1528 2922 contra
1554 2885 1638 2942 reges
1663 2867 1764 2928 Danire
1794 2877 1829 2931 et
1855 2873 2007 2953 Norregin
2028 2873 2086 2931 inire

491 3005 531 3018 .-
552 2970 684 3043 77937977,
705 2969 777 3028 seria
797 2971 897 3044 quarta
916 2971 984 3044 post
1004 2965 1109 3050 lmciae.

779 3064 908 3116 Sertorios
925 3065 1014 3114 Gesch.
1032 3066 1075 3116 777
1092 3067 1177 3116 Hense
1194 3065 1231 3115 771.
1250 3063 1375 3129 bopponi.
1392 3063 1425 3112 11.
1442 3077 1482 3112 no.
1501 3063 1642 3116 ccxxiv.
1660 3083 1684 3132 p.
1701 3061 1839 3122 383-90.

359 3302 446 3364 1367.
1219 3255 1325 3330 7777.

329 3449 370 3496 33
389 3441 463 3503 3333,
687 3421 793 3499 [7581]
834 3419 946 3492 1777777,
968 3419 1072 3498 quibus
1092 3416 1238 3476 Essenos
1258 3417 1381 3486 Csocrr,
1400 3416 1499 3488 miles,
1520 3424 1668 3497 agnoseit,
1689 3445 1724 3486 ee
1744 3431 1808 3507 regi
1832 3427 2086 3494 Weidemmions

495 3528 630 3626 nonnulis
651 3523 827 3584 vendidisse.
848 3553 884 3563 —
904 3521 1054 3580 Dominica
1075 3519 1205 3597 proxime
1225 3522 1291 3576 ante
1313 3515 1436 3576 diemb.
1457 3517 1575 3580 Urbani.

782 3621 941 3672 7777771777
960 3622 991 3669 77
1005 3619 1113 3668 1777777717.
1129 3619 1200 3668 xm.
1217 3617 1341 3668 see-54.

331 3749 372 3797 3⁰.
397 3743 471 3806 ΜΨ
688 3712 793 3788 [2587]
832 3713 984 3772 1777777777
1004 3725 1174 3766 7777777777
1198 3723 1423 3764 77777777777777
1444 3706 1560 3766 Hense
1581 3707 1793 3788 1777777777,
1822 3719 1875 3781 uhi
1897 3723 2036 3782 decretum
2052 3721 2087 3776 eri

496 3821 533 3879 rie
554 3816 692 3878 mittendo
712 3817 809 3874 nuntio
829 3814 867 3872 ad
886 3813 1052 3886 magistrum
1073 3805 1233 3884 generaicnr
1255 3811 1284 3862 77
1303 3807 1436 3864 civitates
1455 3806 1597 3880 Proseis,
1628 3815 1677 3890 qui
1699 3814 1736 3874 de
1757 3837 1929 3899 congressu
1951 3826 2017 3882 inter
2033 3819 2084 3878 ciri·

498 3925 575 3979 tates
602 3923 631 3976 77
652 3936 747 3992 regem
771 3916 871 3976 Daniae
898 3915 1011 3989 ogereti
1040 3911 1177 3985 [1783177θᾶ
1196 3905 1358 3984 prohibent,
1389 3923 1424 3964 ¹¹0
1450 3907 1581 3968 7171177777
1606 3913 1747 3974 “caitirern
1775 3927 1830 3979 aut
1859 3943 1940 3984 777777
1966 3927 2012 3982 eni
2032 3934 2084 3977 vm

498 4017 677 4080 braxatoria”
707 4019 734 4076 in
765 4015 938 4093 Norvegiom
969 4016 1019 4068 aut
1048 4009 1170 4067 Daciam
1200 4005 1335 4064 (1717777777
1366 4037 1404 4048 -
1439 4006 1590 4082 17777777,
1624 4011 1770 4078 dominica
1803 4030 1879 4100 post
1909 4023 2083 4087 ascensionem

499 4122 517 4178 (1
539 4121 614 4178 nrin'.

520 4143 536 4180 ⁰
597 4139 604 4178 Ι
781 4214 912 4268 Sertorius
929 4209 1023 4260 (777717.
1041 4207 1187 4258 7177177777
1204 4207 1242 4256 77.
1259 4199 1384 4273 hipponi.
1400 4211 1433 4258 11.
1449 4221 1490 4256 no.
1508 4167 1660 4264 coxxvu.
1677 4229 1702 4279 p.
1717 4215 1852 4273 535-96,

333 4331 375 4380 97,
397 4327 475 4378 Jonti.
686 4307 795 4380 [7583]
836 4303 989 4364 mactatus
1010 4312 1172 4354 7777777777
1198 4312 1415 4354 reseraremus
1436 4291 1553 4356 uisu
1574 4298 1782 4378 1777777777,
1816 4312 1868 4374 ubi
1897 4314 2032 4374 decretum
2049 4307 2083 4363 777

502 4409 538 4468 de
558 4409 697 4470 mittendo
718 4403 876 4470 nuntio-ad
896 4402 1030 4460 civitates
1050 4394 1159 4454 Prociae
1179 4396 1312 4454 77“71177
1333 4394 1368 4454 de
1389 4393 1514 4474 Campen
1541 4404 1571 4456 et
1589 4399 1774 4478 anernee”,
1805 4417 1856 4491 qut
1878 4433 1933 4474 eos
1951 4407 2082 4474 cadem.

502 4511 548 4569 “si
570 4511 644 4570 iorte
664 4513 788 4588 possent
808 4507 835 4564 in
856 4503 913 4561 hoc
933 4500 1085 4557 unanimes
1105 4499 1134 4552 et
1154 4495 1310 4556 concordes
1331 4495 1406 4564 77777,
1436 4495 1513 4572 quod
1539 4505 1680 4560 mereator
1705 4512 1808 4584 possit
1836 4513 1895 4573 hoc
1919 4533 1990 4574 3393
2011 4505 2081 4571 Seis

501 4614 576 4670 niam
599 4613 716 4669 visitare
737 4613 767 4666 et
785 4605 923 4670 Daciam,
952 4602 1040 4678 prout
1058 4595 1198 4653 hactenns
1225 4595 1325 4665 secit'',
1354 4594 1458 4654 deinde
1478 4615 1545 4658 vero
1565 4599 1603 4660 ad
1621 4602 1820 4680 placitandum
1844 4617 1982 4676 tennione
1999 4605 2080 4669 consti

474 4789 476 4794 ,
500 4714 607 4784 tuitur;
628 4717 682 4770 777.
703 4739 740 4752 -·-
763 4699 975 4769 scaterent,
996 4696 1043 4754 die
1062 4693 1204 4756 Johannis
1221 4695 1363 4774 baptiste.

784 4801 914 4854 sartorius
932 4797 1025 4848 Gessit.
1043 4797 1087 4845 der
1102 4797 1186 4846 Hense
1202 4797 1241 4846 ed.
1257 4795 1382 4862 bopponi·
1400 4800 1432 4848 11.
1449 4811 1489 4848 no.
1506 4798 1658 4852 ccxxvn.
1675 4818 1700 4868 p.
1717 4806 1870 4866 597-99

338 4919 380 4970 99
397 4917 474 4970 eri
690 4893 796 4973 [7587]
838 4883 1858 4966 9717777773,7777777713771717717777777.7773777777777
1889 4891 2141 4982 (7911177777

503 5001 608 5118 tydsire
629 4994 828 5066 Adeismaend,
849 4992 930 5054 hvori
952 4989 988 5048 de
1007 4981 1151 5070 belrjende
1170 4989 1199 5044 at
1217 4983 1290 5046 hare
1309 4983 1457 5064 modiaget
1475 4985 1508 5048 777
1522 4976 1608 5068 Kong
1627 4989 1783 5060 Vaidrmer
1804 5002 1840 5062 ai
1855 4997 2079 5066 naumachiam

2025 5251 2028 5260 y
2138 4991 2141 5202 7
