5338 5544
750 447 828 532 xrr
1070 431 1076 443 '
1382 455 1615 530 manera.

705 653 771 722 hnc
793 652 903 740 Boion,
928 673 995 744 qus
1020 674 1036 718 a
1061 651 1178 740 Langia
1203 651 1339 718 instituta
1361 659 1467 740 postea
1484 647 1673 740 malory
1691 651 1874 720 continuavit
1890 649 2078 743 deduxitque
2102 643 2209 740 (vol.
2235 637 2360 736 Xss)

706 803 805 872 usque
829 777 867 847 ad
903 803 931 848 a.
961 776 1075 867 1393,
1114 778 1178 846 sine
1210 777 1303 846 duhio
1331 778 1580 868 praesunussimis
1610 788 1642 848 et
1670 778 1896 848 accuratissimis
1924 779 1972 847 sui
2002 777 2129 868 generis
2166 773 2364 868 operibus

708 907 933 992 annumeranda
946 917 1029 995 sunt,
1053 903 1110 974 n'ec
1123 903 1322 974 dubitandam
1335 904 1462 993 videtur,
1487 905 1571 996 quin,
1591 906 1617 974 si
1635 915 1756 996 regesta
1772 906 1811 974 ad
1828 906 1954 976 lonnam
1970 907 2141 976 lloioornm
2168 903 2365 974 institue·

706 1044 812 1103 rentur
832 1031 924 1126 (que
943 1045 1044 1104 tamen
1063 1033 1147 1126 prior
1164 1033 1274 1122 editor,
1299 1054 1336 1100 ne
1348 1033 1431 1122 copia
1444 1033 1639 1124 diplomatum
1652 1033 1843 1121 obrueretur,
1866 1033 1944 1102 ultra
1956 1053 1985 1100 a.
2001 1031 2094 1102 1300
2108 1031 2368 1122 producere&

707 1185 768 1232 non
793 1157 993 1254 putaverat),
1022 1162 1081 1230 hoc
1106 1169 1171 1246 est,
1203 1161 1246 1228 ita
1269 1167 1304 1226 ut
1326 1161 1473 1248 mnium,
1504 1171 1650 1252 quantum
1675 1161 1742 1228 lieri
1765 1169 1885 1250 posset,
1916 1182 1985 1252 qum
2008 1161 2209 1230 mamonae
2244 1171 2368 1230 amo-

707 1289 820 1378 graphn
845 1269 1057 1378 superessent,
1094 1289 1295 1378 diplomatum
1317 1288 1544 1380 litterarumque
1568 1289 1755 1380 publicarum
1779 1289 1917 1378 epitomae
1940 1296 1972 1356 et
1995 1309 2127 1356 summus
2150 1289 2368 1380 perspicue

708 1427 908 1508 accurateque
927 1418 1073 1484 conlectae
1093 1414 1271 1501 ederentur,
1296 1437 1332 1482 ea
1348 1417 1523 1508 plenamque
1543 1437 1579 1484 nc
1596 1415 1839 1506 longc'plurianis
1856 1414 1989 1484 inachus
2003 1401 2178 1482 desideriis
2195 1415 2370 1484 histori-

708 1565 814 1610 corum
846 1543 1009 1612 suffectura
1040 1544 1161 1631 locent,
1199 1543 1334 1634 satisque
1364 1553 1466 1632 esset,
1503 1543 1717 1634 diplomatariis
1746 1542 1950 1634 astiqru'saima
1973 1549 2095 1610 tantum
2120 1543 2369 1636 diplomata,

707 1669 856 1752 interioris
886 1681 988 1740 autern
1019 1672 1114 1738 aetatis
1144 1671 1319 1762 prociona,
1356 1670 1470 1760 integra
1500 1670 1605 1738 edere.
1664 1671 1773 1762 Neque
1802 1669 1860 1738 alia
1882 1669 1944 1736 ulla
1966 1670 2086 1738 rohone
2112 1672 2221 1742 effici
2256 1697 2372 1765 possa

638 1835 645 1854 ι
708 1798 850 1886 videtur,
885 1807 921 1866 nt
951 1799 981 1866 in
1012 1798 1152 1866 omnihus
1183 1794 1375 1884 civitatibus,
1411 1796 1465 1866 sed
1494 1797 1625 1866 maxime
1654 1797 1684 1889 in
1707 1797 1810 1886 regnis
1833 1797 1939 1887 amplis
1963 1795 2028 1864 haec
2053 1799 2136 1868 tanti
2165 1806 2368 1874 momenti

711 1924 845 1994 subsidia
869 1925 1000 1994 historiae
1024 1926 1211 2016 aliquatenus
1235 1923 1327 2014 plene
1351 1923 1389 1992 ad
1412 1925 1565 1994 hominnm
1588 1924 1725 1992 notitiam
1749 1932 1780 1992 et
1802 1945 1891 1992 ustam
1914 1925 2153 2016 protrahantur.

703 2037 704 2042 ἵ
896 2055 966 2124 Non
990 2053 1031 2124 ita
1054 2052 1142 2144 pauci
1166 2062 1238 2120 sunt
1262 2051 1345 2138 nani,
1369 2075 1460 2142 quum
1483 2052 1514 2120 in
1539 2053 1691 2122 Sodetatc
1714 2051 1811 2141 Regia
1834 2052 2030 2122 Salentiarnm
2055 2055 2197 2126 Danim
2231 2061 2374 2150 agitari

710 2181 1001 2272 commemorarique
1032 2188 1174 2270 coeptum
1204 2188 1275 2269 est,
1311 2179 1415 2269 patrie
1442 2189 1552 2248 nosue
1581 2179 1713 2246 historiae
1742 2179 1923 2250 illustrandae
1946 2181 2203 2274 scnheadreque
2238 2189 2372 2260 adhuc

710 2306 819 2374 deesse
854 2316 1018 2400 utramque
1053 2308 1289 2376 instrumentum
1324 2307 1457 2396 apprime
1493 2307 1724 2392 necessarium,
1768 2305 2068 2394 dtplnmntortaam
2107 2307 2374 2410 Dantem,

710 2434 749 2502 nd
786 2433 869 2526 quod
908 2435 1124 2504 instituendum
1163 2434 1442 2525 perficiendumque
1473 2434 1537 2524 jam
1572 2444 1643 2502 ante
1677 2432 1810 2502 medium
1847 2437 1990 2504 seculum
2026 2439 2237 2508 xvntm
2293 2441 2376 2518 Jo,

712 2535 919 2631 &arandus
931 2557 1056 2631 etJac.
1068 2558 1342 2652 Lanchelsttte,
1361 2561 1476 2631 sodales
1492 2561 1644 2630 societatis
1657 2571 1768 2630 noshae
1781 2563 1859 2630 inter
1870 2561 2090 2634 eruditissimos
2104 2568 2379 2644 clariss'maoa-

711 2711 783 2782 qne,
808 2689 924 2756 animos
948 2686 1108 2782 studiaque
1132 2691 1332 2776 contulerant,
1358 2698 1390 2757 ct
1406 2692 1526 2758 annales
1543 2689 1751 2780 diplomaticus
1770 2690 1831 2758 siva
1849 2701 1999 2781 reposta
2017 2693 2124 2766 dicere
2147 2702 2378 2796 matu-ru,

607 2871 613 2877 .
711 2815 927 2908 diplomatum,
953 2817 1132 2906 litterarum,
1157 2826 1294 2886 actorum
1318 2817 1359 2884 ad
1382 2817 1533 2886 historiam
1557 2817 1643 2906 regini
1667 2817 1773 2886 Danici
1797 2819 2021 2909 pertinentium,
2047 2845 2119 2914 quaa
2144 2827 2238 2916 jam
2274 2836 2381 2927 typi,

711 2944 850 3034 evulgata
868 2951 981 3012 essent.
1022 2945 1063 3012 Α.
1080 2942 1170 3015 1828
1187 2967 1222 3012 re
1238 2945 1299 3012 rite
1317 2943 1357 3010 ad
1377 2943 1549 3014 soeiatatem
1567 2921 1838 3014 relatahecretum
1858 2955 1915 3035 est,
1940 2957 1975 3016 ut
1987 2950 2122 3039 primurn
2139 2963 2380 3052 sumptam

711 3072 862 3168 societatis
898 3070 1049 3162 posterius
1086 3073 1144 3139 hnc
1179 3095 1256 3163 opus
1293 3081 1513 3162 praepararetur
1548 3082 1581 3140 et
1615 3072 1681 3160 ejus
1716 3073 1840 3142 materia
1871 3075 2089 3168 colligeretur,
2142 3086 2276 3180 eique
2309 3097 2382 3164 „105

712 3197 951 3268 administrandae
975 3199 1124 3290 suffragiis
1149 3200 1302 3268 societatis
1327 3209 1391 3266 tres
1414 3200 1530 3276 sodales
1554 3200 1707 3290 propositi
1730 3211 1816 3289 sunt,
1840 3197 2071 3296 Eupoletoll,
2105 3205 2384 3319 Werlnuffi

711 3321 1183 3418 Koldcrup-Roscnvtnpa.
1232 3327 1273 3396 Hi
1303 3347 1401 3416 quum
1425 3325 1576 3415 juniorum
1606 3349 1699 3418 opera
1728 3327 1767 3398 ad
1789 3330 1898 3420 scripta
1922 3331 2063 3404 historica
2088 3355 2385 3427 persa-nm&

711 3453 929 3549 materiamque
952 3455 1151 3546 colligendam
1173 3456 1219 3522 uti
1243 3454 1431 3545 coepissent,
1461 3455 1568 3522 eodem
1591 3477 1672 3524 anuo
1695 3453 1725 3524 d.
1750 3454 1838 3524 2121·
1859 3458 2037 3528 Novembris
2062 3463 2105 3530 ad
2134 3474 2385 3554 eodem„

712 3577 751 3648 de
781 3581 906 3648 consilio
935 3581 980 3650 rei
1013 3582 1138 3672 agendae
1168 3582 1322 3672 descripto
1352 3591 1384 3648 et
1414 3579 1453 3648 dc
1481 3583 1551 3676 ipsis
1581 3584 1735 3654 laboribus
1766 3581 1910 3650 inchoatis
1934 3588 2134 3662 rettuderunt.
2205 3606 2385 3702 ppnfflpg

711 3709 742 3778 in
777 3709 907 3798 regestis
935 3710 1105 3800 recenseri,
1143 3730 1332 3802 quaecunque
1356 3708 1461 3776 littere
1487 3707 1706 3802 (documenta,
1744 3705 1834 3797 acts)
1859 3710 1921 3778 site
1945 3713 2074 3802 publicae
2099 3722 2179 3796 sive
2215 3738 2388 3822 prim„

711 3837 741 3904 iu
758 3836 857 3905 Dania
876 3845 996 3904 exuare
1016 3859 1084 3904 earn
1102 3837 1239 3927 proditas,
1264 3837 1323 3904 hoc
1347 3859 1473 3925 reguum
1498 3861 1622 3930 remque
1643 3839 1797 3930 publicam
1813 3839 1969 3906 Dacorum
1993 3851 2046 3908 aut
2070 3857 2206 3924 coctus
2235 3863 2388 3940 05pr

717 3985 885 4054 eorumque
921 3986 970 4031 res
1007 3974 1060 4032 aut
1094 3965 1250 4052 rationes,
1287 3985 1358 4054 quse
1392 3963 1470 4030 inter
1503 3966 1638 4056 singulos
1668 3967 1748 4034 cives
1778 3964 2039 4056 intercessissent,
2076 3975 2147 4046 ulla
2182 4005 2240 4056 εχ
2269 4009 2391 4084 pm,

713 4091 912 4180 attingerent3
950 4091 1056 4159 horum
1083 4092 1250 4159 litterarum
1276 4100 1473 4179 argumenta,
1503 4094 1527 4160 si
1550 4095 1657 4162 Latine
1682 4094 1757 4184 ipsae
1780 4091 1896 4182 scriptae
1919 4105 2037 4182 essent,
2071 4101 2236 4204 latine,
2283 4127 2392 4198 ,ffi-

713 4239 839 4308 quarum
865 4219 1016 4308 omnium,
1054 4221 1115 4286 sive
1138 4219 1253 4288 Danico
1278 4219 1342 4286 sive
1367 4217 1427 4284 olio
1450 4241 1587 4290 samone
1612 4221 1730 4311 scriptae
1754 4229 1872 4308 assent,
1901 4222 2016 4290 Danica
2040 4225 2072 4292 in
2099 4233 2310 4322 epitomas
2347 4267 2393 4330 ep

714 4335 845 4412 sirmmas
873 4347 1001 4416 conferri
1034 4345 1170 4433 dehere3
1207 4345 1364 4432 terminari
1393 4355 1491 4415 autern
1520 4359 1597 4440 o'pus
1620 4371 1650 4418 a.
1679 4347 1792 4436 1660,
1827 4369 1889 4440 qno
1919 4370 1998 4418 anno
2025 4353 2200 4435 ahsolutae
2236 4397 2395 4472 Ψ

714 4472 854 4564 potestati
877 4475 1045 4565 respuhhca
1070 4484 1171 4542 nostra
1197 4473 1345 4566 permissa
1370 4482 1428 4540 est.

903 4602 1013 4692 Operis
1047 4623 1244 4692 progressum
1275 4610 1308 4668 et
1337 4601 1441 4692 primis
1473 4607 1555 4676 arnis
1583 4614 1618 4674 et
1641 4612 1749 4696 postea
1773 4601 1926 4692 complura
1939 4579 2241 4721 'interseruerunt’
2295 4663 2398 4736 qn.

715 4724 919 4810 retardarent,
944 4750 1043 4821 neque
1066 4727 1190 4798 omnino
1215 4737 1277 4798 tam
1302 4727 1333 4797 id
1357 4729 1504 4818 agendum
1527 4732 1698 4820 ridebatur,
1723 4740 1758 4800 ut
1782 4730 2052 4822 quam‘calerrime
2071 4755 2394 4868 medemur,
