<?xml version="1.0" encoding="UTF-8"?>
<!DOCTYPE html PUBLIC "-//W3C//DTD XHTML 1.0 Transitional//EN"
    "http://www.w3.org/TR/xhtml1/DTD/xhtml1-transitional.dtd">
<html xmlns="http://www.w3.org/1999/xhtml" xml:lang="en" lang="en">
 <head>
  <title>
</title>
<meta http-equiv="Content-Type" content="text/html;charset=utf-8" />
  <meta name='ocr-system' content='tesseract 3.04.00' />
  <meta name='ocr-capabilities' content='ocr_page ocr_carea ocr_par ocr_line ocrx_word'/>
</head>
<body>
  <div class='ocr_page' id='page_1' title='image "./regestadiplomat00danigoog_0307.png"; bbox 0 0 4250 5542; ppageno 0'>
   <div class='ocr_carea' id='block_1_1' title="bbox 451 441 1544 518">
    <p class='ocr_par' dir='ltr' id='par_1_1' title="bbox 451 441 1544 518">
     <span class='ocr_line' id='line_1_1' title="bbox 451 441 1544 518; baseline -0.003 0"><span class='ocrx_word' id='word_1_1' title='bbox 451 443 525 518; x_wconf 73' lang='lat'><strong>266</strong></span> <span class='ocrx_word' id='word_1_2' title='bbox 963 442 1075 517; x_wconf 76' lang='lat' dir='ltr'><strong>Korn</strong></span> <span class='ocrx_word' id='word_1_3' title='bbox 1097 443 1308 517; x_wconf 73' lang='lat' dir='ltr'><strong>Vannamnn</strong></span> <span class='ocrx_word' id='word_1_4' title='bbox 1331 441 1544 516; x_wconf 80' lang='lat' dir='ltr'><strong>Arranoae.</strong></span> 
     </span>
    </p>
   </div>
   <div class='ocr_carea' id='block_1_2' title="bbox 194 685 2069 973">
    <p class='ocr_par' dir='ltr' id='par_1_2' title="bbox 194 685 2069 973">
     <span class='ocr_line' id='line_1_2' title="bbox 313 685 2067 770; baseline -0.002 -23"><span class='ocrx_word' id='word_1_5' title='bbox 313 685 401 748; x_wconf 65' lang='lat'><strong>(342.</strong></span> <span class='ocrx_word' id='word_1_6' title='bbox 640 691 754 766; x_wconf 63' lang='lat' dir='ltr'><strong>[aaut]</strong></span> <span class='ocrx_word' id='word_1_7' title='bbox 794 692 998 752; x_wconf 76' lang='lat' dir='ltr'><strong>Wnnnasaar</strong></span> <span class='ocrx_word' id='word_1_8' title='bbox 1018 692 1161 752; x_wconf 87' lang='lat' dir='ltr'><strong>Danomm</strong></span> <span class='ocrx_word' id='word_1_9' title='bbox 1179 692 1387 770; x_wconf 79' lang='lat' dir='ltr'><strong>Slavommque</strong></span> <span class='ocrx_word' id='word_1_10' title='bbox 1413 691 1490 768; x_wconf 76' lang='lat' dir='ltr'><strong>regis</strong></span> <span class='ocrx_word' id='word_1_11' title='bbox 1509 696 1540 750; x_wconf 86' lang='lat' dir='ltr'><strong>et</strong></span> <span class='ocrx_word' id='word_1_12' title='bbox 1566 689 1654 748; x_wconf 85' lang='lat' dir='ltr'><strong>ducis</strong></span> <span class='ocrx_word' id='word_1_13' title='bbox 1674 687 1831 747; x_wconf 78' lang='lat' dir='ltr'><strong>Estnniae</strong></span> <span class='ocrx_word' id='word_1_14' title='bbox 1854 685 1961 752; x_wconf 73' lang='lat' dir='ltr'><strong>litera,</strong></span> <span class='ocrx_word' id='word_1_15' title='bbox 1988 687 2067 766; x_wconf 65' lang='lat' dir='ltr'><strong>quin</strong></span> 
     </span>
     <span class='ocr_line' id='line_1_3' title="bbox 194 785 2069 872; baseline -0.002 -23"><span class='ocrx_word' id='word_1_16' title='bbox 194 787 198 802; x_wconf 87' lang='lat'><em>&#39;</em></span> <span class='ocrx_word' id='word_1_17' title='bbox 264 785 304 838; x_wconf 79' lang='lat'><strong>¹5·</strong></span> <span class='ocrx_word' id='word_1_18' title='bbox 320 785 435 849; x_wconf 61' lang='grc' dir='ltr'><strong>ΑΙΜῙ·</strong></span> <span class='ocrx_word' id='word_1_19' title='bbox 451 793 596 872; x_wconf 79' lang='lat' dir='ltr'><strong>privilegia</strong></span> <span class='ocrx_word' id='word_1_20' title='bbox 618 793 823 872; x_wconf 84' lang='lat' dir='ltr'><strong>Campensium</strong></span> <span class='ocrx_word' id='word_1_21' title='bbox 845 795 874 851; x_wconf 91' lang='lat' dir='ltr'><strong>ln</strong></span> <span class='ocrx_word' id='word_1_22' title='bbox 894 792 988 852; x_wconf 90' lang='lat' dir='ltr'><strong>Dania</strong></span> <span class='ocrx_word' id='word_1_23' title='bbox 1008 794 1166 864; x_wconf 85' lang='lat' dir='ltr'><strong>confirmat,</strong></span> <span class='ocrx_word' id='word_1_24' title='bbox 1194 792 1470 872; x_wconf 68' lang='lat' dir='ltr'><strong>jurisdictionemlne</strong></span> <span class='ocrx_word' id='word_1_25' title='bbox 1496 792 1526 849; x_wconf 91' lang='lat' dir='ltr'><strong>in</strong></span> <span class='ocrx_word' id='word_1_26' title='bbox 1552 788 1827 870; x_wconf 68' lang='lat' dir='ltr'><strong>“mppennafen,</strong></span> <span class='ocrx_word' id='word_1_27' title='bbox 1862 787 1893 846; x_wconf 91' lang='lat' dir='ltr'><strong>in</strong></span> <span class='ocrx_word' id='word_1_28' title='bbox 1913 787 2017 846; x_wconf 86' lang='lat' dir='ltr'><strong>Draeor</strong></span> <span class='ocrx_word' id='word_1_29' title='bbox 2035 797 2069 846; x_wconf 89' lang='lat' dir='ltr'><strong>ant</strong></span> 
     </span>
     <span class='ocr_line' id='line_1_4' title="bbox 452 885 2069 973; baseline -0.003 -21"><span class='ocrx_word' id='word_1_30' title='bbox 452 895 481 952; x_wconf 90' lang='lat' dir='ltr'><strong>in</strong></span> <span class='ocrx_word' id='word_1_31' title='bbox 511 893 690 952; x_wconf 85' lang='lat' dir='ltr'><strong>Bedesholt”</strong></span> <span class='ocrx_word' id='word_1_32' title='bbox 720 899 808 973; x_wconf 87' lang='lat' dir='ltr'><strong>prout</strong></span> <span class='ocrx_word' id='word_1_33' title='bbox 837 893 866 951; x_wconf 92' lang='lat' dir='ltr'><strong>in</strong></span> <span class='ocrx_word' id='word_1_34' title='bbox 898 893 995 952; x_wconf 81' lang='lat' dir='ltr'><strong>Scene</strong></span> <span class='ocrx_word' id='word_1_35' title='bbox 1024 895 1103 971; x_wconf 86' lang='lat' dir='ltr'><strong>prius</strong></span> <span class='ocrx_word' id='word_1_36' title='bbox 1132 891 1303 961; x_wconf 83' lang='lat' dir='ltr'><strong>habuerant,</strong></span> <span class='ocrx_word' id='word_1_37' title='bbox 1333 893 1480 972; x_wconf 84' lang='lat' dir='ltr'><strong>permittit.</strong></span> <span class='ocrx_word' id='word_1_38' title='bbox 1513 921 1550 934; x_wconf 94' lang='lat'>-</span> <span class='ocrx_word' id='word_1_39' title='bbox 1583 893 1668 952; x_wconf 74' lang='lat' dir='ltr'><strong>Arete</strong></span> <span class='ocrx_word' id='word_1_40' title='bbox 1696 899 1857 949; x_wconf 74' lang='lat' dir='ltr'><strong>mamm</strong></span> <span class='ocrx_word' id='word_1_41' title='bbox 1883 885 2069 960; x_wconf 76' lang='lat' dir='ltr'><strong>Callcndurrl,</strong></span> 
     </span>
    </p>
   </div>
   <div class='ocr_carea' id='block_1_3' title="bbox 452 994 1650 1156">
    <p class='ocr_par' dir='ltr' id='par_1_3' title="bbox 452 994 1650 1156">
     <span class='ocr_line' id='line_1_5' title="bbox 452 994 838 1054; baseline -0.005 -2"><span class='ocrx_word' id='word_1_42' title='bbox 452 994 500 1054; x_wconf 89' lang='lat' dir='ltr'><strong>die</strong></span> <span class='ocrx_word' id='word_1_43' title='bbox 520 995 710 1053; x_wconf 73' lang='lat' dir='ltr'><strong>assumtionis</strong></span> <span class='ocrx_word' id='word_1_44' title='bbox 728 995 838 1054; x_wconf 85' lang='lat' dir='ltr'><strong>illarim.</strong></span> 
     </span>
     <span class='ocr_line' id='line_1_6' title="bbox 737 1090 1650 1156; baseline -0.002 -14"><span class='ocrx_word' id='word_1_45' title='bbox 737 1092 869 1142; x_wconf 70' lang='lat' dir='ltr'><strong>sonorius</strong></span> <span class='ocrx_word' id='word_1_46' title='bbox 887 1091 981 1142; x_wconf 75' lang='lat' dir='ltr'><strong>Gmeh.</strong></span> <span class='ocrx_word' id='word_1_47' title='bbox 1000 1091 1027 1141; x_wconf 79' lang='lat' dir='ltr'><strong>d.</strong></span> <span class='ocrx_word' id='word_1_48' title='bbox 1042 1095 1125 1142; x_wconf 78' lang='lat' dir='ltr'><strong>Hense</strong></span> <span class='ocrx_word' id='word_1_49' title='bbox 1141 1093 1179 1142; x_wconf 83' lang='lat' dir='ltr'><strong>ed.</strong></span> <span class='ocrx_word' id='word_1_50' title='bbox 1197 1093 1324 1156; x_wconf 71' lang='lat' dir='ltr'><strong>honneni.</strong></span> <span class='ocrx_word' id='word_1_51' title='bbox 1342 1093 1375 1143; x_wconf 91' lang='lat' dir='ltr'><strong>ll.</strong></span> <span class='ocrx_word' id='word_1_52' title='bbox 1392 1106 1433 1142; x_wconf 89' lang='lat' dir='ltr'><strong>ao.</strong></span> <span class='ocrx_word' id='word_1_53' title='bbox 1450 1092 1529 1142; x_wconf 70' lang='lat' dir='ltr'><strong>culs.</strong></span> <span class='ocrx_word' id='word_1_54' title='bbox 1547 1107 1571 1155; x_wconf 75' lang='lat' dir='ltr'><strong>p.</strong></span> <span class='ocrx_word' id='word_1_55' title='bbox 1588 1090 1650 1140; x_wconf 73' lang='lat'><strong>³⁷1.</strong></span> 
     </span>
    </p>
   </div>
   <div class='ocr_carea' id='block_1_4' title="bbox 288 1177 2071 1464">
    <p class='ocr_par' dir='ltr' id='par_1_4' title="bbox 288 1177 2071 1464">
     <span class='ocr_line' id='line_1_7' title="bbox 288 1177 2071 1260; baseline -0.001 -23"><span class='ocrx_word' id='word_1_56' title='bbox 288 1189 310 1238; x_wconf 85' lang='lat' dir='ltr'><strong>l.</strong></span> <span class='ocrx_word' id='word_1_57' title='bbox 328 1188 429 1240; x_wconf 73' lang='lat' dir='ltr'><strong>octobr.</strong></span> <span class='ocrx_word' id='word_1_58' title='bbox 645 1182 760 1254; x_wconf 72' lang='lat' dir='ltr'><strong>[mm]</strong></span> <span class='ocrx_word' id='word_1_59' title='bbox 804 1181 972 1238; x_wconf 84' lang='lat' dir='ltr'><strong>Swarrorma</strong></span> <span class='ocrx_word' id='word_1_60' title='bbox 994 1182 1122 1258; x_wconf 84' lang='lat' dir='ltr'><strong>episcopi</strong></span> <span class='ocrx_word' id='word_1_61' title='bbox 1144 1183 1291 1260; x_wconf 84' lang='lat' dir='ltr'><strong>totiusque</strong></span> <span class='ocrx_word' id='word_1_62' title='bbox 1311 1197 1460 1240; x_wconf 80' lang='lat' dir='ltr'><strong>cnrrrnnr</strong></span> <span class='ocrx_word' id='word_1_63' title='bbox 1482 1181 1673 1239; x_wconf 77' lang='lat' dir='ltr'><strong>Annsrassrs</strong></span> <span class='ocrx_word' id='word_1_64' title='bbox 1695 1177 1819 1248; x_wconf 78' lang='lat' dir='ltr'><strong>literae,</strong></span> <span class='ocrx_word' id='word_1_65' title='bbox 1851 1180 1883 1238; x_wconf 90' lang='lat' dir='ltr'><strong>in</strong></span> <span class='ocrx_word' id='word_1_66' title='bbox 1906 1177 2071 1256; x_wconf 77' lang='lat' dir='ltr'><strong>qutbmno</strong></span> 
     </span>
     <span class='ocr_line' id='line_1_8' title="bbox 452 1277 2070 1362; baseline -0.003 -19"><span class='ocrx_word' id='word_1_67' title='bbox 452 1283 509 1344; x_wconf 90' lang='lat' dir='ltr'><strong>culi</strong></span> <span class='ocrx_word' id='word_1_68' title='bbox 530 1283 682 1362; x_wconf 90' lang='lat' dir='ltr'><strong>cujusdam</strong></span> <span class='ocrx_word' id='word_1_69' title='bbox 704 1282 923 1341; x_wconf 74' lang='lat' dir='ltr'><strong>constitutionis</strong></span> <span class='ocrx_word' id='word_1_70' title='bbox 944 1301 1037 1358; x_wconf 28' lang='lat' dir='ltr'><strong>nuper*</strong></span> <span class='ocrx_word' id='word_1_71' title='bbox 1052 1281 1133 1340; x_wconf 64' lang='lat' dir='ltr'><strong>editoe</strong></span> <span class='ocrx_word' id='word_1_72' title='bbox 1155 1291 1368 1350; x_wconf 86' lang='lat' dir='ltr'><strong>enumerantur,</strong></span> <span class='ocrx_word' id='word_1_73' title='bbox 1389 1279 1619 1358; x_wconf 77' lang='lat' dir='ltr'><strong>sacerdotesque</strong></span> <span class='ocrx_word' id='word_1_74' title='bbox 1639 1279 1840 1338; x_wconf 83' lang='lat' dir='ltr'><strong>Arusiensis</strong></span> <span class='ocrx_word' id='word_1_75' title='bbox 1863 1277 2070 1339; x_wconf 81' lang='lat' dir='ltr'><strong>dioeceseosdr</strong></span> 
     </span>
     <span class='ocr_line' id='line_1_9' title="bbox 454 1377 2071 1464; baseline -0.002 -21"><span class='ocrx_word' id='word_1_76' title='bbox 454 1384 617 1444; x_wconf 89' lang='lat' dir='ltr'><strong>obedientia</strong></span> <span class='ocrx_word' id='word_1_77' title='bbox 644 1383 712 1464; x_wconf 81' lang='lat' dir='ltr'><strong>hnic</strong></span> <span class='ocrx_word' id='word_1_78' title='bbox 739 1381 941 1440; x_wconf 90' lang='lat' dir='ltr'><strong>constitutioni</strong></span> <span class='ocrx_word' id='word_1_79' title='bbox 962 1381 1121 1459; x_wconf 75' lang='lat' dir='ltr'><strong>praestanda</strong></span> <span class='ocrx_word' id='word_1_80' title='bbox 1141 1389 1300 1441; x_wconf 87' lang='lat' dir='ltr'><strong>monentur.</strong></span> <span class='ocrx_word' id='word_1_81' title='bbox 1331 1412 1368 1426; x_wconf 92' lang='lat'><strong>·-</strong></span> <span class='ocrx_word' id='word_1_82' title='bbox 1399 1379 1556 1449; x_wconf 80' lang='lat' dir='ltr'><strong>Rundrus,</strong></span> <span class='ocrx_word' id='word_1_83' title='bbox 1587 1379 1636 1438; x_wconf 91' lang='lat' dir='ltr'><strong>die</strong></span> <span class='ocrx_word' id='word_1_84' title='bbox 1666 1377 1756 1438; x_wconf 85' lang='lat' dir='ltr'><strong>beati</strong></span> <span class='ocrx_word' id='word_1_85' title='bbox 1796 1381 2010 1440; x_wconf 81' lang='lat' dir='ltr'><strong>confessorum</strong></span> <span class='ocrx_word' id='word_1_86' title='bbox 2030 1381 2071 1439; x_wconf 78' lang='lat' dir='ltr'><strong>lle</strong></span> 
     </span>
    </p>
   </div>
   <div class='ocr_carea' id='block_1_5' title="bbox 452 1483 1203 1645">
    <p class='ocr_par' dir='ltr' id='par_1_5' title="bbox 452 1483 1203 1645">
     <span class='ocr_line' id='line_1_10' title="bbox 452 1483 760 1562; baseline -0.01 -20"><span class='ocrx_word' id='word_1_87' title='bbox 452 1485 532 1562; x_wconf 80' lang='lat' dir='ltr'><strong>migii</strong></span> <span class='ocrx_word' id='word_1_88' title='bbox 554 1490 584 1542; x_wconf 91' lang='lat' dir='ltr'><strong>et</strong></span> <span class='ocrx_word' id='word_1_89' title='bbox 604 1483 760 1544; x_wconf 87' lang='lat' dir='ltr'><strong>sociorum.</strong></span> 
     </span>
     <span class='ocr_line' id='line_1_11' title="bbox 742 1580 1203 1645; baseline -0.002 -13"><span class='ocrx_word' id='word_1_90' title='bbox 742 1583 878 1644; x_wconf 63' lang='lat' dir='ltr'><strong>hangriek</strong></span> <span class='ocrx_word' id='word_1_91' title='bbox 895 1580 998 1645; x_wconf 60' lang='lat' dir='ltr'><strong>sertore.</strong></span> <span class='ocrx_word' id='word_1_92' title='bbox 1015 1581 1061 1630; x_wconf 80' lang='lat' dir='ltr'><strong>Vl.</strong></span> <span class='ocrx_word' id='word_1_93' title='bbox 1078 1580 1203 1632; x_wconf 72' lang='lat' dir='ltr'><strong>4³8-8tl.</strong></span> 
     </span>
    </p>
   </div>
   <div class='ocr_carea' id='block_1_6' title="bbox 280 1667 2070 1851">
    <p class='ocr_par' dir='ltr' id='par_1_6' title="bbox 280 1667 2070 1851">
     <span class='ocr_line' id='line_1_12' title="bbox 280 1667 2070 1750; baseline 0.001 -22"><span class='ocrx_word' id='word_1_94' title='bbox 280 1670 321 1720; x_wconf 76' lang='lat'><strong>²⁵-</strong></span> <span class='ocrx_word' id='word_1_95' title='bbox 344 1670 436 1720; x_wconf 72' lang='lat' dir='ltr'><strong>Novir·</strong></span> <span class='ocrx_word' id='word_1_96' title='bbox 643 1671 757 1743; x_wconf 57' lang='grc' dir='ltr'><strong>[Μὰ]</strong></span> <span class='ocrx_word' id='word_1_97' title='bbox 799 1671 1022 1738; x_wconf 80' lang='grc' dir='ltr'>Μιιιιιιιιιιτι,</span> <span class='ocrx_word' id='word_1_98' title='bbox 1047 1668 1143 1730; x_wconf 89' lang='lat' dir='ltr'><strong>relicta</strong></span> <span class='ocrx_word' id='word_1_99' title='bbox 1163 1672 1270 1730; x_wconf 79' lang='lat' dir='ltr'><strong>donnini</strong></span> <span class='ocrx_word' id='word_1_100' title='bbox 1290 1670 1370 1730; x_wconf 88' lang='lat' dir='ltr'><strong>Petri</strong></span> <span class='ocrx_word' id='word_1_101' title='bbox 1390 1668 1517 1730; x_wconf 85' lang='lat' dir='ltr'><strong>Karlsnn</strong></span> <span class='ocrx_word' id='word_1_102' title='bbox 1538 1667 1658 1738; x_wconf 88' lang='lat' dir='ltr'><strong>militis,</strong></span> <span class='ocrx_word' id='word_1_103' title='bbox 1680 1671 1804 1750; x_wconf 81' lang='lat' dir='ltr'><strong>curiam</strong></span> <span class='ocrx_word' id='word_1_104' title='bbox 1830 1689 1924 1730; x_wconf 88' lang='lat' dir='ltr'><strong>snam</strong></span> <span class='ocrx_word' id='word_1_105' title='bbox 1944 1669 2070 1730; x_wconf 81' lang='lat' dir='ltr'><strong>rillimlen</strong></span> 
     </span>
     <span class='ocr_line' id='line_1_13' title="bbox 453 1768 2070 1851; baseline -0.001 -21"><span class='ocrx_word' id='word_1_106' title='bbox 453 1775 482 1830; x_wconf 91' lang='lat' dir='ltr'><strong>in</strong></span> <span class='ocrx_word' id='word_1_107' title='bbox 502 1771 712 1851; x_wconf 81' lang='lat' dir='ltr'><strong>Uppaesumlby</strong></span> <span class='ocrx_word' id='word_1_108' title='bbox 731 1773 907 1830; x_wconf 88' lang='lat' dir='ltr'><strong>monasterio</strong></span> <span class='ocrx_word' id='word_1_109' title='bbox 927 1769 1098 1828; x_wconf 83' lang='lat' dir='ltr'><strong>Esromeosi</strong></span> <span class='ocrx_word' id='word_1_110' title='bbox 1119 1770 1205 1830; x_wconf 87' lang='lat' dir='ltr'><strong>donat</strong></span> <span class='ocrx_word' id='word_1_111' title='bbox 1225 1777 1255 1830; x_wconf 87' lang='lat' dir='ltr'><strong>et</strong></span> <span class='ocrx_word' id='word_1_112' title='bbox 1276 1791 1381 1848; x_wconf 81' lang='lat' dir='ltr'><strong>genero</strong></span> <span class='ocrx_word' id='word_1_113' title='bbox 1402 1789 1456 1830; x_wconf 83' lang='lat' dir='ltr'><strong>suo</strong></span> <span class='ocrx_word' id='word_1_114' title='bbox 1476 1768 1605 1839; x_wconf 86' lang='lat' dir='ltr'><strong>Holrico,</strong></span> <span class='ocrx_word' id='word_1_115' title='bbox 1627 1769 1710 1829; x_wconf 91' lang='lat' dir='ltr'><strong>dicto</strong></span> <span class='ocrx_word' id='word_1_116' title='bbox 1732 1771 1876 1840; x_wconf 82' lang='lat' dir='ltr'><strong>Skaclrt,</strong></span> <span class='ocrx_word' id='word_1_117' title='bbox 1899 1772 2009 1851; x_wconf 80' lang='lat' dir='ltr'><strong>plenam</strong></span> <span class='ocrx_word' id='word_1_118' title='bbox 2023 1791 2070 1830; x_wconf 85' lang='lat' dir='ltr'><strong>eon</strong></span> 
     </span>
    </p>
   </div>
   <div class='ocr_carea' id='block_1_7' title="bbox 455 1857 2069 2048">
    <p class='ocr_par' dir='ltr' id='par_1_7' title="bbox 455 1857 2069 2048">
     <span class='ocr_line' id='line_1_14' title="bbox 455 1857 2069 1952; baseline -0.001 -22"><span class='ocrx_word' id='word_1_119' title='bbox 455 1873 510 1932; x_wconf 84' lang='lat' dir='ltr'><strong>lert</strong></span> <span class='ocrx_word' id='word_1_120' title='bbox 520 1857 697 1952; x_wconf 48' lang='lat' dir='ltr'><strong>potestatem¹</strong></span> <span class='ocrx_word' id='word_1_121' title='bbox 707 1871 786 1930; x_wconf 88' lang='lat' dir='ltr'><strong>dicto</strong></span> <span class='ocrx_word' id='word_1_122' title='bbox 798 1870 975 1932; x_wconf 84' lang='lat' dir='ltr'><strong>monasterio</strong></span> <span class='ocrx_word' id='word_1_123' title='bbox 985 1887 1048 1926; x_wconf 87' lang='lat' dir='ltr'><strong>enm</strong></span> <span class='ocrx_word' id='word_1_124' title='bbox 1059 1871 1086 1927; x_wconf 91' lang='lat' dir='ltr'><strong>in</strong></span> <span class='ocrx_word' id='word_1_125' title='bbox 1097 1871 1199 1948; x_wconf 87' lang='lat' dir='ltr'><strong>placito</strong></span> <span class='ocrx_word' id='word_1_126' title='bbox 1211 1869 1430 1949; x_wconf 78' lang='lat' dir='ltr'><strong>&#39;llariggaelroeret</strong></span> <span class='ocrx_word' id='word_1_127' title='bbox 1439 1869 1582 1928; x_wconf 89' lang='lat' dir='ltr'><strong>scotandi.</strong></span> <span class='ocrx_word' id='word_1_128' title='bbox 1593 1901 1631 1913; x_wconf 94' lang='lat'><em>-</em></span> <span class='ocrx_word' id='word_1_129' title='bbox 1643 1869 1702 1930; x_wconf 88' lang='lat' dir='ltr'><strong>Die</strong></span> <span class='ocrx_word' id='word_1_130' title='bbox 1719 1871 1828 1932; x_wconf 75' lang='lat' dir='ltr'><strong>heatae</strong></span> <span class='ocrx_word' id='word_1_131' title='bbox 1841 1871 2009 1932; x_wconf 75' lang='lat' dir='ltr'><strong>Katharina</strong></span> <span class='ocrx_word' id='word_1_132' title='bbox 2018 1873 2069 1948; x_wconf 76' lang='lat' dir='ltr'><strong>virg.</strong></span> 
     </span>
     <span class='ocr_line' id='line_1_15' title="bbox 740 1968 1615 2048; baseline -0.003 -27"><span class='ocrx_word' id='word_1_133' title='bbox 740 1971 879 2034; x_wconf 75' lang='lat' dir='ltr'><strong>Langobrk</strong></span> <span class='ocrx_word' id='word_1_134' title='bbox 896 1968 999 2034; x_wconf 75' lang='lat' dir='ltr'><strong>Seriptt.</strong></span> <span class='ocrx_word' id='word_1_135' title='bbox 1014 1969 1060 2019; x_wconf 80' lang='lat' dir='ltr'><strong>lx.</strong></span> <span class='ocrx_word' id='word_1_136' title='bbox 1125 2004 1132 2020; x_wconf 93' lang='lat'><em>.</em></span> <span class='ocrx_word' id='word_1_137' title='bbox 1167 1971 1227 2048; x_wconf 64' lang='lat' dir='ltr'><strong>(ind.</strong></span> <span class='ocrx_word' id='word_1_138' title='bbox 1245 1974 1344 2022; x_wconf 80' lang='lat' dir='ltr'><strong>Earum.</strong></span> <span class='ocrx_word' id='word_1_139' title='bbox 1361 1971 1407 2021; x_wconf 84' lang='lat' dir='ltr'><strong>m.</strong></span> <span class='ocrx_word' id='word_1_140' title='bbox 1425 1969 1519 2020; x_wconf 72' lang='lat' dir='ltr'><strong>Cllllb.</strong></span> <span class='ocrx_word' id='word_1_141' title='bbox 1606 1971 1615 1986; x_wconf 86' lang='lat'><em>&#39;</em></span> 
     </span>
    </p>
   </div>
   <div class='ocr_carea' id='block_1_8' title="bbox 292 2058 2068 2546">
    <p class='ocr_par' dir='ltr' id='par_1_8' title="bbox 292 2058 2068 2340">
     <span class='ocr_line' id='line_1_16' title="bbox 292 2058 2068 2132; baseline 0 -13"><span class='ocrx_word' id='word_1_142' title='bbox 292 2070 316 2119; x_wconf 84' lang='grc'><strong>1.</strong></span> <span class='ocrx_word' id='word_1_143' title='bbox 338 2068 427 2119; x_wconf 74' lang='lat' dir='ltr'><strong>venir.</strong></span> <span class='ocrx_word' id='word_1_144' title='bbox 644 2059 759 2132; x_wconf 65' lang='lat' dir='ltr'><strong>[met]</strong></span> <span class='ocrx_word' id='word_1_145' title='bbox 801 2059 971 2120; x_wconf 80' lang='lat' dir='ltr'><strong>Coarnnnrr</strong></span> <span class='ocrx_word' id='word_1_146' title='bbox 1000 2076 1038 2116; x_wconf 83' lang='lat' dir='ltr'><strong>m·</strong></span> <span class='ocrx_word' id='word_1_147' title='bbox 1063 2075 1257 2120; x_wconf 71' lang='lat' dir='ltr'><strong>aurearoma</strong></span> <span class='ocrx_word' id='word_1_148' title='bbox 1285 2078 1442 2122; x_wconf 80' lang='lat' dir='ltr'><strong>crvrrarrs</strong></span> <span class='ocrx_word' id='word_1_149' title='bbox 1468 2058 1779 2121; x_wconf 76' lang='lat' dir='ltr'><strong>Garaarwonaarsrs</strong></span> <span class='ocrx_word' id='word_1_150' title='bbox 1812 2062 1927 2129; x_wconf 80' lang='lat' dir='ltr'><strong>literae,</strong></span> <span class='ocrx_word' id='word_1_151' title='bbox 1957 2061 2068 2120; x_wconf 84' lang='lat' dir='ltr'><strong>utrimn-</strong></span> 
     </span>
     <span class='ocr_line' id='line_1_17' title="bbox 452 2157 2068 2246; baseline 0 -26"><span class='ocrx_word' id='word_1_152' title='bbox 452 2168 623 2242; x_wconf 86' lang='lat' dir='ltr'><strong>queruntur,</strong></span> <span class='ocrx_word' id='word_1_153' title='bbox 644 2159 721 2239; x_wconf 88' lang='lat' dir='ltr'><strong>quod</strong></span> <span class='ocrx_word' id='word_1_154' title='bbox 740 2161 866 2246; x_wconf 72' lang='lat' dir='ltr'><strong>comites</strong></span> <span class='ocrx_word' id='word_1_155' title='bbox 887 2157 1047 2216; x_wconf 80' lang='lat' dir='ltr'><strong>Holtsaziae</strong></span> <span class='ocrx_word' id='word_1_156' title='bbox 1067 2159 1095 2214; x_wconf 89' lang='lat' dir='ltr'><strong>in</strong></span> <span class='ocrx_word' id='word_1_157' title='bbox 1115 2165 1302 2220; x_wconf 84' lang='lat' dir='ltr'><strong>mercatorum</strong></span> <span class='ocrx_word' id='word_1_158' title='bbox 1323 2177 1502 2220; x_wconf 86' lang='lat' dir='ltr'><strong>communem</strong></span> <span class='ocrx_word' id='word_1_159' title='bbox 1526 2161 1674 2237; x_wconf 87' lang='lat' dir='ltr'><strong>jacturam</strong></span> <span class='ocrx_word' id='word_1_160' title='bbox 1702 2165 1734 2219; x_wconf 92' lang='lat' dir='ltr'><strong>et</strong></span> <span class='ocrx_word' id='word_1_161' title='bbox 1761 2181 1935 2240; x_wconf 81' lang='lat' dir='ltr'><strong>gravamen</strong></span> <span class='ocrx_word' id='word_1_162' title='bbox 1963 2168 2068 2221; x_wconf 87' lang='lat' dir='ltr'><strong>tuemtar</strong></span> 
     </span>
     <span class='ocr_line' id='line_1_18' title="bbox 453 2253 2066 2340; baseline 0 -20"><span class='ocrx_word' id='word_1_163' title='bbox 453 2262 623 2332; x_wconf 87' lang='lat' dir='ltr'><strong>Hnltsatos,</strong></span> <span class='ocrx_word' id='word_1_164' title='bbox 643 2261 713 2339; x_wconf 85' lang='lat' dir='ltr'><strong>“qui</strong></span> <span class='ocrx_word' id='word_1_165' title='bbox 734 2260 770 2318; x_wconf 87' lang='lat' dir='ltr'><strong>de</strong></span> <span class='ocrx_word' id='word_1_166' title='bbox 792 2257 927 2318; x_wconf 80' lang='lat' dir='ltr'><strong>omnibns</strong></span> <span class='ocrx_word' id='word_1_167' title='bbox 949 2259 1055 2316; x_wconf 89' lang='lat' dir='ltr'><strong>castris</strong></span> <span class='ocrx_word' id='word_1_168' title='bbox 1075 2275 1128 2316; x_wconf 85' lang='lat' dir='ltr'><strong>scu</strong></span> <span class='ocrx_word' id='word_1_169' title='bbox 1146 2261 1366 2330; x_wconf 85' lang='lat' dir='ltr'><strong>munitionibus,</strong></span> <span class='ocrx_word' id='word_1_170' title='bbox 1397 2277 1469 2338; x_wconf 88' lang='lat' dir='ltr'><strong>quas</strong></span> <span class='ocrx_word' id='word_1_171' title='bbox 1494 2259 1550 2317; x_wconf 79' lang='lat' dir='ltr'><strong>sul</strong></span> <span class='ocrx_word' id='word_1_172' title='bbox 1577 2280 1611 2319; x_wconf 88' lang='lat' dir='ltr'><strong>se</strong></span> <span class='ocrx_word' id='word_1_173' title='bbox 1634 2259 1747 2320; x_wconf 85' lang='lat' dir='ltr'><strong>habent</strong></span> <span class='ocrx_word' id='word_1_174' title='bbox 1778 2263 1813 2322; x_wconf 91' lang='lat' dir='ltr'><strong>in</strong></span> <span class='ocrx_word' id='word_1_175' title='bbox 1844 2253 1940 2340; x_wconf 77' lang='lat' dir='ltr'><strong>regno</strong></span> <span class='ocrx_word' id='word_1_176' title='bbox 1964 2263 2066 2330; x_wconf 53' lang='lat' dir='ltr'><strong>Dacis,</strong></span> 
     </span>
    </p>

    <p class='ocr_par' dir='ltr' id='par_1_9' title="bbox 369 2352 2066 2546">
     <span class='ocr_line' id='line_1_19' title="bbox 369 2352 2066 2454; baseline 0 -33"><span class='ocrx_word' id='word_1_177' title='bbox 369 2441 375 2454; x_wconf 87' lang='lat'><em>.</em></span> <span class='ocrx_word' id='word_1_178' title='bbox 453 2363 608 2422; x_wconf 85' lang='lat' dir='ltr'><strong>maximum</strong></span> <span class='ocrx_word' id='word_1_179' title='bbox 635 2361 768 2420; x_wconf 91' lang='lat' dir='ltr'><strong>damnum</strong></span> <span class='ocrx_word' id='word_1_180' title='bbox 796 2359 881 2432; x_wconf 90' lang='lat' dir='ltr'><strong>(ultra</strong></span> <span class='ocrx_word' id='word_1_181' title='bbox 909 2378 962 2416; x_wconf 82' lang='lat' dir='ltr'><strong>sex</strong></span> <span class='ocrx_word' id='word_1_182' title='bbox 991 2355 1108 2415; x_wconf 87' lang='lat' dir='ltr'><strong>millium</strong></span> <span class='ocrx_word' id='word_1_183' title='bbox 1132 2379 1286 2419; x_wconf 88' lang='lat' dir='ltr'><strong>marcarum</strong></span> <span class='ocrx_word' id='word_1_184' title='bbox 1307 2362 1370 2440; x_wconf 87' lang='lat' dir='ltr'><strong>puri</strong></span> <span class='ocrx_word' id='word_1_185' title='bbox 1391 2361 1500 2436; x_wconf 80' lang='lat' dir='ltr'><strong>argenti</strong></span> <span class='ocrx_word' id='word_1_186' title='bbox 1522 2365 1736 2439; x_wconf 78' lang='lat' dir='ltr'><strong>computatum)</strong></span> <span class='ocrx_word' id='word_1_187' title='bbox 1769 2352 1996 2423; x_wconf 83' lang='lat' dir='ltr'><strong>iricnrsionilrus</strong></span> <span class='ocrx_word' id='word_1_188' title='bbox 2012 2365 2066 2443; x_wconf 77' lang='lat' dir='ltr'><strong>pira·</strong></span> 
     </span>
     <span class='ocr_line' id='line_1_20' title="bbox 454 2457 2065 2546; baseline -0.001 -25"><span class='ocrx_word' id='word_1_189' title='bbox 454 2463 521 2521; x_wconf 87' lang='lat' dir='ltr'><strong>ticis</strong></span> <span class='ocrx_word' id='word_1_190' title='bbox 542 2463 580 2520; x_wconf 92' lang='lat' dir='ltr'><strong>iis</strong></span> <span class='ocrx_word' id='word_1_191' title='bbox 600 2461 767 2529; x_wconf 83' lang='lat' dir='ltr'><strong>intulerant3</strong></span> <span class='ocrx_word' id='word_1_192' title='bbox 789 2461 1004 2537; x_wconf 84' lang='lat' dir='ltr'><strong>conqueruntur</strong></span> <span class='ocrx_word' id='word_1_193' title='bbox 1024 2457 1122 2528; x_wconf 89' lang='lat' dir='ltr'><strong>etiam,</strong></span> <span class='ocrx_word' id='word_1_194' title='bbox 1152 2460 1226 2537; x_wconf 90' lang='lat' dir='ltr'><strong>quod</strong></span> <span class='ocrx_word' id='word_1_195' title='bbox 1251 2461 1442 2540; x_wconf 83' lang='lat' dir='ltr'><strong>Marqnardus</strong></span> <span class='ocrx_word' id='word_1_196' title='bbox 1468 2459 1505 2519; x_wconf 86' lang='lat' dir='ltr'><strong>de</strong></span> <span class='ocrx_word' id='word_1_197' title='bbox 1531 2459 1625 2520; x_wconf 88' lang='lat' dir='ltr'><strong>Stone</strong></span> <span class='ocrx_word' id='word_1_198' title='bbox 1654 2464 1807 2546; x_wconf 78' lang='lat' dir='ltr'><strong>concives</strong></span> <span class='ocrx_word' id='word_1_199' title='bbox 1837 2484 1919 2524; x_wconf 85' lang='lat' dir='ltr'><strong>suos</strong></span> <span class='ocrx_word' id='word_1_200' title='bbox 1946 2467 1972 2523; x_wconf 90' lang='lat' dir='ltr'><strong>in</strong></span> <span class='ocrx_word' id='word_1_201' title='bbox 1995 2464 2065 2524; x_wconf 82' lang='lat' dir='ltr'><strong>Dacia</strong></span> 
     </span>
    </p>
   </div>
   <div class='ocr_carea' id='block_1_9' title="bbox 346 2543 1559 2725">
    <p class='ocr_par' dir='ltr' id='par_1_10' title="bbox 346 2543 1559 2725">
     <span class='ocr_line' id='line_1_21' title="bbox 346 2543 1242 2646; baseline 0 -27"><span class='ocrx_word' id='word_1_202' title='bbox 346 2547 349 2554; x_wconf 36' lang='lat'>²</span> <span class='ocrx_word' id='word_1_203' title='bbox 455 2561 632 2646; x_wconf 69' lang='lat' dir='ltr'><strong>spoliauerit.</strong></span> <span class='ocrx_word' id='word_1_204' title='bbox 653 2594 693 2606; x_wconf 92' lang='lat'>-</span> <span class='ocrx_word' id='word_1_205' title='bbox 715 2560 746 2620; x_wconf 93' lang='lat' dir='ltr'><strong>ln</strong></span> <span class='ocrx_word' id='word_1_206' title='bbox 766 2543 894 2618; x_wconf 81' lang='lat' dir='ltr'><strong>crastino</strong></span> <span class='ocrx_word' id='word_1_207' title='bbox 916 2557 945 2617; x_wconf 77' lang='lat' dir='ltr'><strong>lt.</strong></span> <span class='ocrx_word' id='word_1_208' title='bbox 966 2555 1089 2615; x_wconf 82' lang='lat' dir='ltr'><strong>Andreae</strong></span> <span class='ocrx_word' id='word_1_209' title='bbox 1109 2561 1242 2637; x_wconf 87' lang='lat' dir='ltr'><strong>apostoli.</strong></span> 
     </span>
     <span class='ocr_line' id='line_1_22' title="bbox 739 2657 1559 2725; baseline 0.004 -17"><span class='ocrx_word' id='word_1_210' title='bbox 739 2658 879 2709; x_wconf 83' lang='lat' dir='ltr'><strong>Michelsen</strong></span> <span class='ocrx_word' id='word_1_211' title='bbox 896 2657 1131 2709; x_wconf 78' lang='lat' dir='ltr'><strong>Urknndensrmml.</strong></span> <span class='ocrx_word' id='word_1_212' title='bbox 1146 2661 1178 2709; x_wconf 90' lang='lat' dir='ltr'><strong>ll.</strong></span> <span class='ocrx_word' id='word_1_213' title='bbox 1195 2675 1235 2712; x_wconf 88' lang='lat' dir='ltr'><strong>nc.</strong></span> <span class='ocrx_word' id='word_1_214' title='bbox 1252 2663 1358 2712; x_wconf 78' lang='lat' dir='ltr'>LXLV.</span> <span class='ocrx_word' id='word_1_215' title='bbox 1375 2677 1399 2725; x_wconf 71' lang='lat' dir='ltr'><strong>n.</strong></span> <span class='ocrx_word' id='word_1_216' title='bbox 1420 2659 1559 2710; x_wconf 83' lang='lat' dir='ltr'><strong>llo-tlt.</strong></span> 
     </span>
    </p>
   </div>
   <div class='ocr_carea' id='block_1_10' title="bbox 645 2744 2062 2834">
    <p class='ocr_par' dir='ltr' id='par_1_11' title="bbox 645 2744 2062 2834">
     <span class='ocr_line' id='line_1_23' title="bbox 645 2744 2062 2834; baseline 0 -26"><span class='ocrx_word' id='word_1_217' title='bbox 645 2748 760 2822; x_wconf 71' lang='lat' dir='ltr'><strong>[mas]</strong></span> <span class='ocrx_word' id='word_1_218' title='bbox 799 2748 947 2824; x_wconf 81' lang='lat' dir='ltr'><strong>Aallrorgs</strong></span> <span class='ocrx_word' id='word_1_219' title='bbox 968 2744 1116 2815; x_wconf 87' lang='lat' dir='ltr'><strong>Stadsret,</strong></span> <span class='ocrx_word' id='word_1_220' title='bbox 1145 2749 1222 2824; x_wconf 83' lang='lat' dir='ltr'><strong>givet</strong></span> <span class='ocrx_word' id='word_1_221' title='bbox 1246 2751 1279 2808; x_wconf 82' lang='lat' dir='ltr'><strong>ai</strong></span> <span class='ocrx_word' id='word_1_222' title='bbox 1295 2749 1381 2826; x_wconf 77' lang='lat' dir='ltr'><strong>Kong</strong></span> <span class='ocrx_word' id='word_1_223' title='bbox 1399 2746 1588 2808; x_wconf 63' lang='lat' dir='ltr'><strong>vononem.</strong></span> <span class='ocrx_word' id='word_1_224' title='bbox 1617 2781 1658 2794; x_wconf 92' lang='lat'><em>-</em></span> <span class='ocrx_word' id='word_1_225' title='bbox 1691 2751 1835 2834; x_wconf 63' lang='lat' dir='ltr'><strong>oldam,</strong></span> <span class='ocrx_word' id='word_1_226' title='bbox 1871 2753 1965 2814; x_wconf 90' lang='lat' dir='ltr'><strong>under</strong></span> <span class='ocrx_word' id='word_1_227' title='bbox 1987 2751 2062 2812; x_wconf 81' lang='lat' dir='ltr'><strong>(indtr</strong></span> 
     </span>
    </p>
   </div>
   <div class='ocr_carea' id='block_1_11' title="bbox 455 2843 1078 2927">
    <p class='ocr_par' dir='ltr' id='par_1_12' title="bbox 455 2843 1078 2927">
     <span class='ocr_line' id='line_1_24' title="bbox 455 2843 1078 2927; baseline -0.016 -16"><span class='ocrx_word' id='word_1_228' title='bbox 455 2853 515 2910; x_wconf 84' lang='lat' dir='ltr'><strong>Aar</strong></span> <span class='ocrx_word' id='word_1_229' title='bbox 534 2849 641 2910; x_wconf 84' lang='lat' dir='ltr'>MCCC</span> <span class='ocrx_word' id='word_1_230' title='bbox 732 2868 767 2908; x_wconf 86' lang='lat' dir='ltr'><strong>oc</strong></span> <span class='ocrx_word' id='word_1_231' title='bbox 786 2867 842 2927; x_wconf 85' lang='lat' dir='ltr'><strong>poa</strong></span> <span class='ocrx_word' id='word_1_232' title='bbox 864 2845 947 2905; x_wconf 87' lang='lat' dir='ltr'><strong>theth</strong></span> <span class='ocrx_word' id='word_1_233' title='bbox 968 2843 1078 2904; x_wconf 90' lang='lat' dir='ltr'><strong>andith.</strong></span> 
     </span>
    </p>
   </div>
   <div class='ocr_carea' id='block_1_12' title="bbox 742 2945 2061 3098">
    <p class='ocr_par' dir='ltr' id='par_1_13' title="bbox 742 2945 2061 3098">
     <span class='ocr_line' id='line_1_25' title="bbox 742 2945 2061 3022; baseline 0.007 -24"><span class='ocrx_word' id='word_1_234' title='bbox 742 2945 1048 3012; x_wconf 71' lang='lat' dir='ltr'><strong>lioldernp-Rosenringc</strong></span> <span class='ocrx_word' id='word_1_235' title='bbox 1064 2945 1140 2996; x_wconf 75' lang='lat' dir='ltr'><strong>Semi.</strong></span> <span class='ocrx_word' id='word_1_236' title='bbox 1157 2948 1187 2996; x_wconf 76' lang='lat' dir='ltr'><strong>et</strong></span> <span class='ocrx_word' id='word_1_237' title='bbox 1200 2948 1234 3013; x_wconf 70' lang='lat' dir='ltr'><strong>gi.</strong></span> <span class='ocrx_word' id='word_1_238' title='bbox 1252 2949 1348 3000; x_wconf 77' lang='lat' dir='ltr'><strong>danakc</strong></span> <span class='ocrx_word' id='word_1_239' title='bbox 1363 2950 1431 2998; x_wconf 71' lang='lat' dir='ltr'><strong>laeve</strong></span> <span class='ocrx_word' id='word_1_240' title='bbox 1447 2947 1481 2997; x_wconf 83' lang='lat' dir='ltr'><strong>V.</strong></span> <span class='ocrx_word' id='word_1_241' title='bbox 1497 2948 1643 3001; x_wconf 74' lang='lat' dir='ltr'><strong>ate-aaa.</strong></span> <span class='ocrx_word' id='word_1_242' title='bbox 1657 2951 1708 3013; x_wconf 83' lang='lat' dir='ltr'><strong>Jtr.</strong></span> <span class='ocrx_word' id='word_1_243' title='bbox 1731 2959 1761 3004; x_wconf 73' lang='lat' dir='ltr'><strong>s.</strong></span> <span class='ocrx_word' id='word_1_244' title='bbox 1781 2957 1906 3008; x_wconf 77' lang='lat' dir='ltr'>XXXX.</span> <span class='ocrx_word' id='word_1_245' title='bbox 1929 2953 2061 3022; x_wconf 72' lang='lat' dir='ltr'><strong>(ragamd</strong></span> 
     </span>
     <span class='ocr_line' id='line_1_26' title="bbox 742 3027 1003 3098; baseline -0.015 -10"><span class='ocrx_word' id='word_1_246' title='bbox 742 3027 1003 3098; x_wconf 72' lang='lat' dir='ltr'><strong>Udstedelsesuret).</strong></span> 
     </span>
    </p>
   </div>
   <div class='ocr_carea' id='block_1_13' title="bbox 316 3153 1311 3274">
    <p class='ocr_par' dir='ltr' id='par_1_14' title="bbox 316 3153 1311 3274">
     <span class='ocr_line' id='line_1_27' title="bbox 316 3153 1311 3274; baseline 0.002 -23"><span class='ocrx_word' id='word_1_247' title='bbox 316 3213 402 3274; x_wconf 72' lang='lat' dir='ltr'><strong>on.</strong></span> <span class='ocrx_word' id='word_1_248' title='bbox 1205 3153 1311 3253; x_wconf 80' lang='lat' dir='ltr'><strong>ism.</strong></span> 
     </span>
    </p>
   </div>
   <div class='ocr_carea' id='block_1_14' title="bbox 291 3275 2058 3598">
    <p class='ocr_par' dir='ltr' id='par_1_15' title="bbox 291 3275 2058 3598">
     <span class='ocr_line' id='line_1_28' title="bbox 291 3275 2058 3402; baseline -0.002 -18"><span class='ocrx_word' id='word_1_249' title='bbox 291 3335 317 3385; x_wconf 80' lang='lat'><strong>2.</strong></span> <span class='ocrx_word' id='word_1_250' title='bbox 339 3333 457 3398; x_wconf 54' lang='lat' dir='ltr'><strong>Manli„</strong></span> <span class='ocrx_word' id='word_1_251' title='bbox 649 3319 765 3394; x_wconf 66' lang='lat'><strong>[2229]</strong></span> <span class='ocrx_word' id='word_1_252' title='bbox 806 3299 1007 3376; x_wconf 78' lang='lat' dir='ltr'><strong>Waanauaar</strong></span> <span class='ocrx_word' id='word_1_253' title='bbox 1035 3315 1113 3390; x_wconf 78' lang='lat' dir='ltr'><strong>regis</strong></span> <span class='ocrx_word' id='word_1_254' title='bbox 1136 3315 1236 3389; x_wconf 78' lang='lat' dir='ltr'><strong>litere,</strong></span> <span class='ocrx_word' id='word_1_255' title='bbox 1267 3316 1373 3398; x_wconf 76' lang='lat' dir='ltr'><strong>quillus</strong></span> <span class='ocrx_word' id='word_1_256' title='bbox 1398 3315 1495 3377; x_wconf 83' lang='lat' dir='ltr'><strong>abbati</strong></span> <span class='ocrx_word' id='word_1_257' title='bbox 1522 3325 1552 3378; x_wconf 92' lang='lat' dir='ltr'><strong>et</strong></span> <span class='ocrx_word' id='word_1_258' title='bbox 1576 3275 1732 3380; x_wconf 68' lang='lat' dir='ltr'><strong>monachis</strong></span> <span class='ocrx_word' id='word_1_259' title='bbox 1751 3322 1991 3386; x_wconf 85' lang='lat' dir='ltr'><strong>Esromensilms</strong></span> <span class='ocrx_word' id='word_1_260' title='bbox 2011 3343 2058 3402; x_wconf 72' lang='lat' dir='ltr'><strong>pro</strong></span> 
     </span>
     <span class='ocr_line' id='line_1_29' title="bbox 354 3417 2057 3504; baseline -0.002 -20"><span class='ocrx_word' id='word_1_261' title='bbox 354 3439 359 3448; x_wconf 92' lang='grc'>’</span> <span class='ocrx_word' id='word_1_262' title='bbox 456 3425 544 3486; x_wconf 89' lang='lat' dir='ltr'><strong>tectio</strong></span> <span class='ocrx_word' id='word_1_263' title='bbox 565 3424 643 3500; x_wconf 82' lang='lat' dir='ltr'><strong>regis</strong></span> <span class='ocrx_word' id='word_1_264' title='bbox 663 3419 853 3498; x_wconf 84' lang='lat' dir='ltr'><strong>premittitur,</strong></span> <span class='ocrx_word' id='word_1_265' title='bbox 882 3417 1032 3497; x_wconf 79' lang='lat' dir='ltr'><strong>privilegia</strong></span> <span class='ocrx_word' id='word_1_266' title='bbox 1059 3433 1154 3474; x_wconf 88' lang='lat' dir='ltr'><strong>eorum</strong></span> <span class='ocrx_word' id='word_1_267' title='bbox 1180 3421 1378 3477; x_wconf 82' lang='lat' dir='ltr'><strong>continuantur</strong></span> <span class='ocrx_word' id='word_1_268' title='bbox 1397 3423 1428 3477; x_wconf 86' lang='lat' dir='ltr'><strong>et</strong></span> <span class='ocrx_word' id='word_1_269' title='bbox 1446 3417 1586 3478; x_wconf 76' lang='lat' dir='ltr'><strong>Nicolaus</strong></span> <span class='ocrx_word' id='word_1_270' title='bbox 1605 3419 1753 3481; x_wconf 83' lang='lat' dir='ltr'><strong>Ericksnn</strong></span> <span class='ocrx_word' id='word_1_271' title='bbox 1782 3425 1825 3486; x_wconf 84' lang='lat' dir='ltr'><strong>de</strong></span> <span class='ocrx_word' id='word_1_272' title='bbox 1853 3423 2057 3504; x_wconf 80' lang='lat' dir='ltr'><strong>Hyrningsdoln</strong></span> 
     </span>
     <span class='ocr_line' id='line_1_30' title="bbox 457 3517 2057 3598; baseline -0.003 -13"><span class='ocrx_word' id='word_1_273' title='bbox 457 3529 496 3585; x_wconf 89' lang='lat' dir='ltr'><strong>iis</strong></span> <span class='ocrx_word' id='word_1_274' title='bbox 526 3531 556 3584; x_wconf 86' lang='lat' dir='ltr'><strong>et</strong></span> <span class='ocrx_word' id='word_1_275' title='bbox 586 3523 701 3582; x_wconf 74' lang='lat' dir='ltr'><strong>familiae</strong></span> <span class='ocrx_word' id='word_1_276' title='bbox 732 3539 832 3580; x_wconf 87' lang='lat' dir='ltr'><strong>eorum</strong></span> <span class='ocrx_word' id='word_1_277' title='bbox 863 3519 1003 3578; x_wconf 72' lang='lat' dir='ltr'><strong>universe</strong></span> <span class='ocrx_word' id='word_1_278' title='bbox 1020 3518 1099 3572; x_wconf 88' lang='lat' dir='ltr'><strong>tutor</strong></span> <span class='ocrx_word' id='word_1_279' title='bbox 1126 3521 1155 3574; x_wconf 87' lang='lat' dir='ltr'><strong>et</strong></span> <span class='ocrx_word' id='word_1_280' title='bbox 1183 3517 1319 3578; x_wconf 80' lang='lat' dir='ltr'><strong>defensor</strong></span> <span class='ocrx_word' id='word_1_281' title='bbox 1348 3519 1540 3580; x_wconf 86' lang='lat' dir='ltr'><strong>constituitur.</strong></span> <span class='ocrx_word' id='word_1_282' title='bbox 1571 3552 1612 3565; x_wconf 88' lang='lat'>-</span> <span class='ocrx_word' id='word_1_283' title='bbox 1646 3521 1835 3598; x_wconf 77' lang='lat' dir='ltr'><strong>Boakilde&#39;e,</strong></span> <span class='ocrx_word' id='word_1_284' title='bbox 1878 3524 2057 3586; x_wconf 84' lang='lat' dir='ltr'><strong>dominicato</strong></span> 
     </span>
    </p>
   </div>
   <div class='ocr_carea' id='block_1_15' title="bbox 396 3625 2056 3866">
    <p class='ocr_par' dir='ltr' id='par_1_16' title="bbox 396 3625 2056 3866">
     <span class='ocr_line' id='line_1_31' title="bbox 396 3625 686 3704; baseline -0.007 -20"><span class='ocrx_word' id='word_1_285' title='bbox 396 3673 398 3678; x_wconf 95' lang='lat'><em>.</em></span> <span class='ocrx_word' id='word_1_286' title='bbox 456 3625 686 3704; x_wconf 83' lang='lat' dir='ltr'><strong>quadragesima.</strong></span> 
     </span>
     <span class='ocr_line' id='line_1_32' title="bbox 741 3709 2056 3798; baseline 0.001 -27"><span class='ocrx_word' id='word_1_287' title='bbox 741 3709 1032 3784; x_wconf 72' lang='lat' dir='ltr'><strong>aontopptrsn‘nnnon.</strong></span> <span class='ocrx_word' id='word_1_288' title='bbox 1059 3715 1148 3798; x_wconf 69' lang='lat' dir='ltr'><strong>eccles.</strong></span> <span class='ocrx_word' id='word_1_289' title='bbox 1168 3719 1233 3768; x_wconf 76' lang='lat' dir='ltr'><strong>Deo.</strong></span> <span class='ocrx_word' id='word_1_290' title='bbox 1255 3719 1288 3770; x_wconf 90' lang='lat' dir='ltr'><strong>ll.</strong></span> <span class='ocrx_word' id='word_1_291' title='bbox 1313 3719 1370 3770; x_wconf 79' lang='grc'><strong>167.</strong></span> <span class='ocrx_word' id='word_1_292' title='bbox 1411 3718 1794 3778; x_wconf 71' lang='lat' dir='ltr'><strong>cod.llarom.tni.11VlII.</strong></span> <span class='ocrx_word' id='word_1_293' title='bbox 1841 3731 1881 3778; x_wconf 82' lang='lat' dir='ltr'><strong>lle</strong></span> <span class='ocrx_word' id='word_1_294' title='bbox 1899 3729 1953 3790; x_wconf 84' lang='lat' dir='ltr'><strong>dia,</strong></span> <span class='ocrx_word' id='word_1_295' title='bbox 1977 3741 2016 3793; x_wconf 69' lang='lat' dir='ltr'><strong>qno</strong></span> <span class='ocrx_word' id='word_1_296' title='bbox 2029 3726 2056 3774; x_wconf 83' lang='lat' dir='ltr'><strong>tr</strong></span> 
     </span>
     <span class='ocr_line' id='line_1_33' title="bbox 741 3803 1561 3866; baseline -0.002 -7"><span class='ocrx_word' id='word_1_297' title='bbox 741 3809 821 3859; x_wconf 72' lang='lat' dir='ltr'><strong>litere</strong></span> <span class='ocrx_word' id='word_1_298' title='bbox 839 3807 911 3856; x_wconf 72' lang='lat' dir='ltr'><strong>adita</strong></span> <span class='ocrx_word' id='word_1_299' title='bbox 929 3809 1001 3866; x_wconf 85' lang='lat' dir='ltr'><strong>sunt,</strong></span> <span class='ocrx_word' id='word_1_300' title='bbox 1019 3803 1068 3853; x_wconf 83' lang='lat' dir='ltr'><strong>rid.</strong></span> <span class='ocrx_word' id='word_1_301' title='bbox 1085 3805 1161 3854; x_wconf 80' lang='lat' dir='ltr'><strong>sunm</strong></span> <span class='ocrx_word' id='word_1_302' title='bbox 1178 3808 1242 3856; x_wconf 79' lang='lat' dir='ltr'><strong>illst</strong></span> <span class='ocrx_word' id='word_1_303' title='bbox 1262 3809 1291 3857; x_wconf 79' lang='lat' dir='ltr'><strong>et</strong></span> <span class='ocrx_word' id='word_1_304' title='bbox 1305 3808 1413 3857; x_wconf 72' lang='lat' dir='ltr'><strong>Daunii.</strong></span> <span class='ocrx_word' id='word_1_305' title='bbox 1429 3808 1502 3857; x_wconf 83' lang='lat' dir='ltr'><strong>xm.</strong></span> <span class='ocrx_word' id='word_1_306' title='bbox 1518 3808 1561 3858; x_wconf 80' lang='lat' dir='ltr'><strong>sa.</strong></span> 
     </span>
    </p>
   </div>
   <div class='ocr_carea' id='block_1_16' title="bbox 282 3891 2053 4076">
    <p class='ocr_par' dir='ltr' id='par_1_17' title="bbox 282 3891 2053 4076">
     <span class='ocr_line' id='line_1_34' title="bbox 282 3891 2053 3979; baseline 0.003 -25"><span class='ocrx_word' id='word_1_307' title='bbox 282 3917 322 3964; x_wconf 65' lang='grc' dir='ltr'>ιι,</span> <span class='ocrx_word' id='word_1_308' title='bbox 340 3913 443 3979; x_wconf 74' lang='lat' dir='ltr'><strong>aprilis.</strong></span> <span class='ocrx_word' id='word_1_309' title='bbox 651 3897 766 3974; x_wconf 62' lang='lat'><strong>[2230]</strong></span> <span class='ocrx_word' id='word_1_310' title='bbox 807 3895 970 3963; x_wconf 77' lang='lat' dir='ltr'><strong>Annam,</strong></span> <span class='ocrx_word' id='word_1_311' title='bbox 991 3891 1241 3970; x_wconf 80' lang='lat' dir='ltr'><strong>Magnopolensis,</strong></span> <span class='ocrx_word' id='word_1_312' title='bbox 1261 3895 1512 3972; x_wconf 77' lang='lat' dir='ltr'><strong>stargardensiunr</strong></span> <span class='ocrx_word' id='word_1_313' title='bbox 1534 3902 1563 3956; x_wconf 86' lang='lat' dir='ltr'><strong>et</strong></span> <span class='ocrx_word' id='word_1_314' title='bbox 1583 3897 1841 3964; x_wconf 83' lang='lat' dir='ltr'><strong>Rostoccensium</strong></span> <span class='ocrx_word' id='word_1_315' title='bbox 1865 3905 1986 3972; x_wconf 88' lang='lat' dir='ltr'><strong>domini,</strong></span> <span class='ocrx_word' id='word_1_316' title='bbox 2006 3919 2053 3959; x_wconf 83' lang='lat' dir='ltr'><strong>seo</strong></span> 
     </span>
     <span class='ocr_line' id='line_1_35' title="bbox 459 3994 2051 4076; baseline -0.001 -15"><span class='ocrx_word' id='word_1_317' title='bbox 459 4003 528 4062; x_wconf 87' lang='lat' dir='ltr'><strong>tatio</strong></span> <span class='ocrx_word' id='word_1_318' title='bbox 550 4001 689 4061; x_wconf 87' lang='lat' dir='ltr'><strong>redituum</strong></span> <span class='ocrx_word' id='word_1_319' title='bbox 711 3998 811 4076; x_wconf 78' lang='lat' dir='ltr'><strong>viginti</strong></span> <span class='ocrx_word' id='word_1_320' title='bbox 839 4003 906 4056; x_wconf 90' lang='lat' dir='ltr'><strong>octo</strong></span> <span class='ocrx_word' id='word_1_321' title='bbox 928 4011 1086 4052; x_wconf 89' lang='lat' dir='ltr'><strong>marcarum</strong></span> <span class='ocrx_word' id='word_1_322' title='bbox 1112 3994 1140 4052; x_wconf 91' lang='lat' dir='ltr'><strong>in</strong></span> <span class='ocrx_word' id='word_1_323' title='bbox 1168 3995 1275 4072; x_wconf 81' lang='lat' dir='ltr'><strong>oppido</strong></span> <span class='ocrx_word' id='word_1_324' title='bbox 1300 3995 1430 4073; x_wconf 83' lang='lat' dir='ltr'><strong>Tcssyn,</strong></span> <span class='ocrx_word' id='word_1_325' title='bbox 1460 3999 1555 4076; x_wconf 82' lang='lat' dir='ltr'><strong>“quos</strong></span> <span class='ocrx_word' id='word_1_326' title='bbox 1578 4017 1633 4056; x_wconf 86' lang='lat' dir='ltr'><strong>nos</strong></span> <span class='ocrx_word' id='word_1_327' title='bbox 1658 4004 1689 4058; x_wconf 85' lang='lat' dir='ltr'><strong>et</strong></span> <span class='ocrx_word' id='word_1_328' title='bbox 1717 4000 1865 4066; x_wconf 85' lang='lat' dir='ltr'><strong>dominns</strong></span> <span class='ocrx_word' id='word_1_329' title='bbox 1884 4005 1994 4065; x_wconf 73' lang='lat' dir='ltr'><strong>Enicas</strong></span> <span class='ocrx_word' id='word_1_330' title='bbox 2011 3999 2051 4059; x_wconf 78' lang='lat' dir='ltr'><strong>lla·</strong></span> 
     </span>
    </p>
   </div>
   <div class='ocr_carea' id='block_1_17' title="bbox 458 4093 2052 4179">
    <p class='ocr_par' dir='ltr' id='par_1_18' title="bbox 458 4093 2052 4179">
     <span class='ocr_line' id='line_1_36' title="bbox 458 4093 2052 4179; baseline 0.001 -19"><span class='ocrx_word' id='word_1_331' title='bbox 458 4120 556 4161; x_wconf 91' lang='lat' dir='ltr'><strong>nomm</strong></span> <span class='ocrx_word' id='word_1_332' title='bbox 577 4103 785 4179; x_wconf 78' lang='lat' dir='ltr'><strong>slavorumque</strong></span> <span class='ocrx_word' id='word_1_333' title='bbox 806 4115 871 4166; x_wconf 83' lang='lat' dir='ltr'><strong>rex,</strong></span> <span class='ocrx_word' id='word_1_334' title='bbox 902 4095 957 4172; x_wconf 82' lang='lat' dir='ltr'><strong>piae</strong></span> <span class='ocrx_word' id='word_1_335' title='bbox 981 4093 1138 4162; x_wconf 77' lang='lat' dir='ltr'><strong>memoria,</strong></span> <span class='ocrx_word' id='word_1_336' title='bbox 1169 4099 1198 4152; x_wconf 90' lang='lat' dir='ltr'><strong>et</strong></span> <span class='ocrx_word' id='word_1_337' title='bbox 1224 4097 1314 4156; x_wconf 85' lang='lat' dir='ltr'><strong>nostri</strong></span> <span class='ocrx_word' id='word_1_338' title='bbox 1333 4097 1533 4174; x_wconf 80' lang='lat' dir='ltr'><strong>progenitores</strong></span> <span class='ocrx_word' id='word_1_339' title='bbox 1552 4097 1589 4158; x_wconf 85' lang='lat' dir='ltr'><strong>ab</strong></span> <span class='ocrx_word' id='word_1_340' title='bbox 1610 4101 1730 4179; x_wconf 85' lang='lat' dir='ltr'><strong>antiquo</strong></span> <span class='ocrx_word' id='word_1_341' title='bbox 1751 4102 1916 4168; x_wconf 85' lang='lat' dir='ltr'><strong>habuimus</strong></span> <span class='ocrx_word' id='word_1_342' title='bbox 1941 4099 2052 4166; x_wconf 71' lang='lat' dir='ltr'><strong>illidend-</strong></span> 
     </span>
    </p>
   </div>
   <div class='ocr_carea' id='block_1_18' title="bbox 459 4179 1545 4360">
    <p class='ocr_par' dir='ltr' id='par_1_19' title="bbox 459 4179 1545 4360">
     <span class='ocr_line' id='line_1_37' title="bbox 459 4179 1193 4280; baseline -0.015 -17"><span class='ocrx_word' id='word_1_343' title='bbox 459 4234 494 4246; x_wconf 92' lang='lat'><strong>-·</strong></span> <span class='ocrx_word' id='word_1_344' title='bbox 518 4201 668 4280; x_wconf 76' lang='lat' dir='ltr'><strong>Roatoclr,</strong></span> <span class='ocrx_word' id='word_1_345' title='bbox 689 4199 834 4260; x_wconf 89' lang='lat' dir='ltr'><strong>dominica</strong></span> <span class='ocrx_word' id='word_1_346' title='bbox 854 4179 1057 4255; x_wconf 82' lang='lat' dir='ltr'><strong>Misericordia</strong></span> <span class='ocrx_word' id='word_1_347' title='bbox 1078 4191 1193 4254; x_wconf 88' lang='lat' dir='ltr'><strong>domini.</strong></span> 
     </span>
     <span class='ocr_line' id='line_1_38' title="bbox 741 4280 1545 4360; baseline -0.002 -11"><span class='ocrx_word' id='word_1_348' title='bbox 741 4280 864 4349; x_wconf 63' lang='lat' dir='ltr'><strong>noeroit.</strong></span> <span class='ocrx_word' id='word_1_349' title='bbox 882 4292 1018 4344; x_wconf 63' lang='lat' dir='ltr'><strong>ananam.</strong></span> <span class='ocrx_word' id='word_1_350' title='bbox 1035 4291 1127 4340; x_wconf 64' lang='lat' dir='ltr'><strong>raam.</strong></span> <span class='ocrx_word' id='word_1_351' title='bbox 1147 4293 1218 4344; x_wconf 72' lang='lat' dir='ltr'><strong>rena.</strong></span> <span class='ocrx_word' id='word_1_352' title='bbox 1237 4310 1261 4360; x_wconf 65' lang='grc' dir='ltr'><strong>ρ.</strong></span> <span class='ocrx_word' id='word_1_353' title='bbox 1281 4293 1403 4345; x_wconf 83' lang='lat' dir='ltr'><strong>roo-or.</strong></span> <span class='ocrx_word' id='word_1_354' title='bbox 1422 4295 1545 4348; x_wconf 80' lang='lat' dir='ltr'><strong>roo-or.</strong></span> 
     </span>
    </p>
   </div>
   <div class='ocr_carea' id='block_1_19' title="bbox 297 4377 2048 4868">
    <p class='ocr_par' dir='ltr' id='par_1_20' title="bbox 297 4377 2048 4868">
     <span class='ocr_line' id='line_1_39' title="bbox 297 4377 2047 4465; baseline 0.005 -21"><span class='ocrx_word' id='word_1_355' title='bbox 297 4395 336 4444; x_wconf 82' lang='lat'><strong>16.</strong></span> <span class='ocrx_word' id='word_1_356' title='bbox 359 4394 432 4455; x_wconf 70' lang='lat' dir='ltr'><strong>maji.</strong></span> <span class='ocrx_word' id='word_1_357' title='bbox 615 4439 618 4448; x_wconf 76' lang='grc'>,</span> <span class='ocrx_word' id='word_1_358' title='bbox 647 4389 761 4463; x_wconf 70' lang='lat' dir='ltr'><strong>[man]</strong></span> <span class='ocrx_word' id='word_1_359' title='bbox 803 4385 942 4465; x_wconf 88' lang='lat' dir='ltr'><strong>Diploma</strong></span> <span class='ocrx_word' id='word_1_360' title='bbox 969 4379 1006 4438; x_wconf 81' lang='lat' dir='ltr'><strong>an</strong></span> <span class='ocrx_word' id='word_1_361' title='bbox 1030 4377 1098 4438; x_wconf 80' lang='lat' dir='ltr'><strong>l&#39;lll</strong></span> <span class='ocrx_word' id='word_1_362' title='bbox 1124 4381 1262 4444; x_wconf 85' lang='lat' dir='ltr'><strong>militibus</strong></span> <span class='ocrx_word' id='word_1_363' title='bbox 1283 4388 1313 4442; x_wconf 88' lang='lat' dir='ltr'><strong>et</strong></span> <span class='ocrx_word' id='word_1_364' title='bbox 1332 4381 1388 4442; x_wconf 80' lang='lat' dir='ltr'><strong>l&#39;ll</strong></span> <span class='ocrx_word' id='word_1_365' title='bbox 1409 4387 1574 4462; x_wconf 85' lang='lat' dir='ltr'><strong>armigeris,</strong></span> <span class='ocrx_word' id='word_1_366' title='bbox 1604 4406 1824 4456; x_wconf 80' lang='lat' dir='ltr'><strong>conmnmnrrs</strong></span> <span class='ocrx_word' id='word_1_367' title='bbox 1848 4416 1939 4458; x_wconf 80' lang='lat' dir='ltr'><strong>asora</strong></span> <span class='ocrx_word' id='word_1_368' title='bbox 1959 4413 1993 4454; x_wconf 83' lang='lat' dir='ltr'><strong>ar</strong></span> <span class='ocrx_word' id='word_1_369' title='bbox 2011 4407 2047 4448; x_wconf 76' lang='grc' dir='ltr'>ιο·</span> 
     </span>
     <span class='ocr_line' id='line_1_40' title="bbox 460 4483 2048 4567; baseline 0.004 -23"><span class='ocrx_word' id='word_1_370' title='bbox 460 4505 550 4547; x_wconf 72' lang='lat' dir='ltr'><strong>anon</strong></span> <span class='ocrx_word' id='word_1_371' title='bbox 572 4499 665 4548; x_wconf 70' lang='lat' dir='ltr'><strong>aanor</strong></span> <span class='ocrx_word' id='word_1_372' title='bbox 684 4491 794 4550; x_wconf 82' lang='lat' dir='ltr'><strong>Dncrar</strong></span> <span class='ocrx_word' id='word_1_373' title='bbox 817 4507 850 4548; x_wconf 87' lang='grc' dir='ltr'><strong>ιιι</strong></span> <span class='ocrx_word' id='word_1_374' title='bbox 871 4483 1038 4549; x_wconf 72' lang='lat' dir='ltr'><strong>Euenum,</strong></span> <span class='ocrx_word' id='word_1_375' title='bbox 1069 4499 1121 4538; x_wconf 88' lang='lat' dir='ltr'><strong>nec</strong></span> <span class='ocrx_word' id='word_1_376' title='bbox 1146 4501 1199 4540; x_wconf 92' lang='lat' dir='ltr'><strong>non</strong></span> <span class='ocrx_word' id='word_1_377' title='bbox 1222 4483 1247 4540; x_wconf 91' lang='lat' dir='ltr'>V</span> <span class='ocrx_word' id='word_1_378' title='bbox 1266 4483 1386 4543; x_wconf 81' lang='lat' dir='ltr'><strong>vasallis</strong></span> <span class='ocrx_word' id='word_1_379' title='bbox 1412 4489 1441 4542; x_wconf 85' lang='lat' dir='ltr'><strong>et</strong></span> <span class='ocrx_word' id='word_1_380' title='bbox 1467 4489 1673 4552; x_wconf 86' lang='lat' dir='ltr'><strong>communitate</strong></span> <span class='ocrx_word' id='word_1_381' title='bbox 1698 4494 1883 4558; x_wconf 77' lang='lat' dir='ltr'><strong>vasallorum</strong></span> <span class='ocrx_word' id='word_1_382' title='bbox 1909 4498 1972 4556; x_wconf 88' lang='lat' dir='ltr'><strong>dicti</strong></span> <span class='ocrx_word' id='word_1_383' title='bbox 1990 4490 2048 4567; x_wconf 77' lang='lat' dir='ltr'><strong>regia</strong></span> 
     </span>
     <span class='ocr_line' id='line_1_41' title="bbox 458 4579 2044 4676; baseline 0.001 -29"><span class='ocrx_word' id='word_1_384' title='bbox 458 4587 562 4648; x_wconf 86' lang='lat' dir='ltr'><strong>ibidem</strong></span> <span class='ocrx_word' id='word_1_385' title='bbox 584 4589 705 4658; x_wconf 77' lang='lat' dir='ltr'><strong>enimn,</strong></span> <span class='ocrx_word' id='word_1_386' title='bbox 725 4610 782 4669; x_wconf 86' lang='lat' dir='ltr'><strong>quo</strong></span> <span class='ocrx_word' id='word_1_387' title='bbox 803 4587 961 4652; x_wconf 87' lang='lat' dir='ltr'><strong>declarant,</strong></span> <span class='ocrx_word' id='word_1_388' title='bbox 980 4599 1030 4648; x_wconf 89' lang='lat' dir='ltr'><strong>se,</strong></span> <span class='ocrx_word' id='word_1_389' title='bbox 1051 4579 1128 4656; x_wconf 88' lang='lat' dir='ltr'><strong>quod</strong></span> <span class='ocrx_word' id='word_1_390' title='bbox 1148 4583 1264 4644; x_wconf 87' lang='lat' dir='ltr'><strong>timeant</strong></span> <span class='ocrx_word' id='word_1_391' title='bbox 1279 4605 1315 4644; x_wconf 91' lang='lat' dir='ltr'><strong>ne</strong></span> <span class='ocrx_word' id='word_1_392' title='bbox 1332 4591 1405 4644; x_wconf 84' lang='lat' dir='ltr'><strong>terra</strong></span> <span class='ocrx_word' id='word_1_393' title='bbox 1426 4589 1456 4644; x_wconf 88' lang='lat' dir='ltr'><strong>et</strong></span> <span class='ocrx_word' id='word_1_394' title='bbox 1476 4591 1572 4644; x_wconf 86' lang='lat' dir='ltr'><strong>castra</strong></span> <span class='ocrx_word' id='word_1_395' title='bbox 1592 4592 1674 4648; x_wconf 78' lang='lat' dir='ltr'><strong>terre</strong></span> <span class='ocrx_word' id='word_1_396' title='bbox 1684 4589 1823 4656; x_wconf 79' lang='lat' dir='ltr'><strong>Estonire</strong></span> <span class='ocrx_word' id='word_1_397' title='bbox 1842 4617 1957 4676; x_wconf 80' lang='lat' dir='ltr'><strong>arogno</strong></span> <span class='ocrx_word' id='word_1_398' title='bbox 1970 4591 2044 4652; x_wconf 82' lang='lat' dir='ltr'><strong>Dacia</strong></span> 
     </span>
     <span class='ocr_line' id='line_1_42' title="bbox 457 4677 2044 4769; baseline 0.003 -25"><span class='ocrx_word' id='word_1_399' title='bbox 457 4693 574 4769; x_wconf 82' lang='lat' dir='ltr'><strong>propter</strong></span> <span class='ocrx_word' id='word_1_400' title='bbox 591 4689 769 4750; x_wconf 88' lang='lat' dir='ltr'><strong>incursiones</strong></span> <span class='ocrx_word' id='word_1_401' title='bbox 784 4689 928 4766; x_wconf 75' lang='lat' dir='ltr'><strong>Estonum</strong></span> <span class='ocrx_word' id='word_1_402' title='bbox 949 4677 1106 4742; x_wconf 79' lang='lat' dir='ltr'><strong>infidelium</strong></span> <span class='ocrx_word' id='word_1_403' title='bbox 1122 4681 1284 4755; x_wconf 85' lang='lat' dir='ltr'><strong>alienentur,</strong></span> <span class='ocrx_word' id='word_1_404' title='bbox 1304 4686 1472 4762; x_wconf 82' lang='lat' dir='ltr'><strong>magistrum</strong></span> <span class='ocrx_word' id='word_1_405' title='bbox 1488 4685 1617 4747; x_wconf 71' lang='lat' dir='ltr'><strong>livoniae</strong></span> <span class='ocrx_word' id='word_1_406' title='bbox 1634 4689 1661 4748; x_wconf 90' lang='lat' dir='ltr'><strong>in</strong></span> <span class='ocrx_word' id='word_1_407' title='bbox 1683 4711 1773 4753; x_wconf 89' lang='lat' dir='ltr'><strong>suum</strong></span> <span class='ocrx_word' id='word_1_408' title='bbox 1797 4704 1830 4757; x_wconf 93' lang='lat' dir='ltr'><strong>et</strong></span> <span class='ocrx_word' id='word_1_409' title='bbox 1852 4705 1930 4760; x_wconf 77' lang='lat' dir='ltr'><strong>terrm</strong></span> <span class='ocrx_word' id='word_1_410' title='bbox 1949 4701 2044 4754; x_wconf 75' lang='lat' dir='ltr'><strong>tutorem</strong></span> 
     </span>
     <span class='ocr_line' id='line_1_43' title="bbox 458 4779 2042 4868; baseline 0.003 -20"><span class='ocrx_word' id='word_1_411' title='bbox 458 4796 488 4848; x_wconf 85' lang='lat' dir='ltr'><strong>et</strong></span> <span class='ocrx_word' id='word_1_412' title='bbox 509 4789 688 4866; x_wconf 84' lang='lat' dir='ltr'><strong>capitaneum</strong></span> <span class='ocrx_word' id='word_1_413' title='bbox 709 4791 855 4868; x_wconf 79' lang='lat' dir='ltr'><strong>elegisse,</strong></span> <span class='ocrx_word' id='word_1_414' title='bbox 876 4789 1034 4860; x_wconf 80' lang='lat' dir='ltr'><strong>castraque</strong></span> <span class='ocrx_word' id='word_1_415' title='bbox 1055 4779 1182 4840; x_wconf 78' lang='lat' dir='ltr'><strong>Revalire</strong></span> <span class='ocrx_word' id='word_1_416' title='bbox 1202 4789 1231 4842; x_wconf 88' lang='lat' dir='ltr'><strong>ct</strong></span> <span class='ocrx_word' id='word_1_417' title='bbox 1249 4785 1432 4863; x_wconf 81' lang='lat' dir='ltr'><strong>Wesenberg</strong></span> <span class='ocrx_word' id='word_1_418' title='bbox 1451 4805 1516 4844; x_wconf 86' lang='lat' dir='ltr'><strong>num</strong></span> <span class='ocrx_word' id='word_1_419' title='bbox 1534 4789 1619 4847; x_wconf 88' lang='lat' dir='ltr'><strong>terris</strong></span> <span class='ocrx_word' id='word_1_420' title='bbox 1635 4795 1666 4848; x_wconf 90' lang='lat' dir='ltr'><strong>et</strong></span> <span class='ocrx_word' id='word_1_421' title='bbox 1680 4795 1852 4858; x_wconf 87' lang='lat' dir='ltr'><strong>attinentiis</strong></span> <span class='ocrx_word' id='word_1_422' title='bbox 1868 4801 1893 4859; x_wconf 88' lang='lat' dir='ltr'><strong>ei</strong></span> <span class='ocrx_word' id='word_1_423' title='bbox 1909 4792 2042 4857; x_wconf 65' lang='lat' dir='ltr'><strong>tradidisse·</strong></span> 
     </span>
    </p>
   </div>
   <div class='ocr_carea' id='block_1_20' title="bbox 458 4883 2081 5018">
    <p class='ocr_par' dir='ltr' id='par_1_21' title="bbox 458 4883 2081 5018">
     <span class='ocr_line' id='line_1_44' title="bbox 458 4883 2081 5018; baseline -0.001 -68"><span class='ocrx_word' id='word_1_424' title='bbox 458 4887 692 4957; x_wconf 77' lang='lat' dir='ltr'><strong>reconditione,</strong></span> <span class='ocrx_word' id='word_1_425' title='bbox 717 4897 749 4949; x_wconf 88' lang='lat' dir='ltr'><strong>ut</strong></span> <span class='ocrx_word' id='word_1_426' title='bbox 769 4891 869 4951; x_wconf 89' lang='lat' dir='ltr'><strong>eadem</strong></span> <span class='ocrx_word' id='word_1_427' title='bbox 890 4906 943 4967; x_wconf 85' lang='lat' dir='ltr'><strong>pro</strong></span> <span class='ocrx_word' id='word_1_428' title='bbox 970 4899 1077 4943; x_wconf 87' lang='lat' dir='ltr'><strong>corona</strong></span> <span class='ocrx_word' id='word_1_429' title='bbox 1105 4883 1181 4958; x_wconf 83' lang='lat' dir='ltr'><strong>regni</strong></span> <span class='ocrx_word' id='word_1_430' title='bbox 1199 4883 1293 4946; x_wconf 71' lang='lat' dir='ltr'><strong>Daciae</strong></span> <span class='ocrx_word' id='word_1_431' title='bbox 1314 4886 1434 4946; x_wconf 80' lang='lat' dir='ltr'><strong>fideliter</strong></span> <span class='ocrx_word' id='word_1_432' title='bbox 1458 4893 1624 4960; x_wconf 80' lang='lat' dir='ltr'><strong>consemet,</strong></span> <span class='ocrx_word' id='word_1_433' title='bbox 1655 4896 1686 4950; x_wconf 92' lang='lat' dir='ltr'><strong>et</strong></span> <span class='ocrx_word' id='word_1_434' title='bbox 1715 4911 1785 4955; x_wconf 88' lang='lat' dir='ltr'><strong>cum</strong></span> <span class='ocrx_word' id='word_1_435' title='bbox 1818 4901 1937 4981; x_wconf 83' lang='lat' dir='ltr'><strong>repetita</strong></span> <span class='ocrx_word' id='word_1_436' title='bbox 1963 4891 2042 4954; x_wconf 80' lang='lat' dir='ltr'><strong>inerint</strong></span> <span class='ocrx_word' id='word_1_437' title='bbox 2070 4976 2081 5018; x_wconf 53' lang='grc'>1</span> 
     </span>
    </p>
   </div>
   <div class='ocr_carea' id='block_1_21' title="bbox 0 0 2140 5542">
    <p class='ocr_par' dir='ltr' id='par_1_22' title="bbox 0 0 2140 5542">
     <span class='ocr_line' id='line_1_45' title="bbox 0 0 2140 5542; baseline 0 0"><span class='ocrx_word' id='word_1_438' title='bbox 0 0 2140 5542; x_wconf 95' lang='lat' dir='ltr'><strong> </strong></span> 
     </span>
    </p>
   </div>
  </div>
 </body>
</html>
